1404 2463
161 127 229 163 520
631 138 675 161 Ex
703 128 878 162 Omossms

164 215 259 263 ὅρει,
292 218 355 251 καὶ
385 216 489 251 πόλει
518 217 606 250 θεοῦ
638 219 787 261 ζῶντος,
821 218 1055 263 Ἰερουσαλὴμ
1082 219 1302 263 ἐπουρανίῳ,

163 281 225 314 καὶ
246 277 422 325 μυριάσιν
446 277 624 323 ἀγγέλων,
652 278 751 324 (184)
768 278 984 327 πανηγύρει,
1011 280 1181 324 ἐκκλησία
1199 291 1304 325 πριο-

162 339 324 376 τοτόκων
364 339 710 385 ἀπογεγραμμένων
751 341 793 375 ἐν
829 341 1030 388 οὐρανοῖς.«
1091 344 1139 376 Εἰ
1178 346 1304 376 τοίνυν

163 404 263 438 ἐστὶν
293 403 334 438 ἐν
364 404 496 447 ψυχῶν
526 404 624 447 γένει
657 400 675 437 ὃ
705 401 863 448 ’[σραὴλ,
901 405 963 437 καὶ
1003 404 1044 438 ἐν
1077 403 1223 449 οὐρανῷ
1254 417 1306 442 τις

163 463 267 504 πόλις
292 462 550 511 Ἰερουσαλήμ·
593 463 793 500 ἀκολουθεῖ
820 465 882 504 τὰς
913 463 1037 504 πόλεις
1057 464 1199 510 Ἰσραὴλ
1229 479 1304 509 ptri-2

162 525 332 572 τροπόλει
351 526 563 572 χρῆσθαι“)
595 527 635 572 τῇ
662 526 702 561 ἐν
728 526 900 572 οὐρανοῖς
921 525 1176 574 Ἰερουσαλὴμ,
1209 527 1304 562 οἷκο-

163 587 307 626 λούθως
336 590 376 636 τῇ
402 586 502 635 πάσῃ
523 586 692 633 Ἰουδαίᾳ.
732 586 823 623 Ὅσα
848 591 1047 635 τοιγαροῦν
1071 586 1304 634 προφητεύε-

163 664 222 685 ται
256 652 341 697 περὶ
376 647 630 695 Ἰερουσαλὴμ,
672 651 735 683 καὶ
766 653 907 695 λέγεται
941 650 1070 696 περὶῖ)
1103 649 1232 693 αὐτῆς,
1273 652 1304 684 εἰ

162 709 314 747 Παύλου
353 710 400 750 ὡς
430 712 519 747 θεοῦ
549 709 746 756 ἀκούωμεν
775 714 837 746 καὶ
861 715 1001 758 σοφίαν
1025 714 1303 758 φθεγγομένου,

159 776 246 820 περὶ
276 775 338 817 τῆς
369 773 592 818 ἐπουρανίου
624 771 782 817 πόλεως,
822 776 884 808 καὶ
922 773 1059 812 παντὸς
1090 776 1155 808 τοῦ
1187 771 1304 808 τόπου

162 837 226 870 τοῦ
258 836 486 882 περιεκτικοῦ
519 836 594 869 τῶν
624 832 770 869 πόλεων
801 836 863 877 τῆς
893 833 1001 879 ἁγίας
1027 837 1112 880 γῆς,
1155 837 1304 878 νοητέον

163 895 227 936 τὰς
250 895 399 943 γραφὰς
421 896 679 942 ἀπαγγέλλειν.
721 894 825 940 Τάχα
849 894 922 941 γὰρ
948 894 966 931 ὁ
992 895 1109 942 σωτὴρ
1135 895 1188 930 ἐπ’
1208 897 1304 931 ἐκεί-

163 971 229 998 νας
263 956 360 1005 ἡμᾶς
390 957 543 1004 ἀνάγων
573 956 637 997 τὰς
667 955 809 1001 πόλεις,
848 961 923 997 τοῖς
952 955 1241 1002 εὐδοκιμήσασιν
1265 957 1305 992 ἐν

164 1023 217 1068 τῷ
250 1020 315 1060 τὰς
343 1022 440 1065 μνᾶς
463 1022 580 1059 καλῶς
606 1020 901 1066 ᾠκονομηκέναι,
934 1020 1150 1054 ἐπιστασίαν
1174 1019 1305 1054 δίδωσι

163 1085 272 1118 πέντε
308 1080 330 1126 ἢ
364 1084 453 1118 δέκα
487 1081 643 1118 πόλεων.
690 1084 738 1116 Εἰ
773 1085 899 1116 τοίνυν
929 1083 966 1116 αἱ
1005 1084 1224 1126 προφητεῖαι
1266 1081 1305 1114 αἱ

161 1145 248 1189 περὶ
268 1143 465 1188 Ἰουδαίας,
493 1147 556 1179 καὶ
578 1146 664 1189 περὶ
685 1141 940 1190 Ἰερουσαλὴμ,
967 1146 1030 1177 καὶ
1050 1141 1209 1187 Ἰσραὴλ,
1242 1142 1304 1176 καὶ

159 1204 300 1250 Ἰούδα,
336 1208 398 1241 καὶ
419 1205 558 1250 Ἰακώβ,
583 1205 635 1250 μὴ
663 1209 843 1252 σαρκίνως
866 1204 972 1250 ἡμῶν
996 1202 1305 1248 ἐκλαμβανὸντων

161 1269 291 1311 ταῦτα,
317 1265 498 1313 μυστήρια
523 1266 647 1304 τοιάδε
672 1267 752 1303 τινὰ
779 1266 1069 1310 ὑποβάλλουσιν,
1091 1264 1303 1301 ἀκόλουθον

165 1326 213 1364 ἄν
243 1332 297 1373 εἴη
327 1331 390 1363 καὶ
420 1329 484 1370 τὰς
515 1333 740 1376 προφητείας
770 1328 835 1368 τὰς
868 1330 952 1375 περὶ
984 1326 1199 1374 Αἰγύπτου,
1243 1330 1304 1362 καὶ

162 1393 401 1436 Αἰγυπτίων,
427 1392 490 1425 καὶ
511 1393 734 1436 Βαβυλῶνος
757 1393 818 1425 καὶ
841 1393 1110 1434 Βαβυλωνίων,
1136 1391 1199 1425 καὶ
1227 1389 1304 1424 Τύ-

164 1464 231 1496 ρου
263 1454 324 1486 καὶ
353 1455 516 1498 Τυρίων,
557 1454 619 1487 καὶ
642 1452 808 1491 Σιδῶνος
837 1454 900 1487 καὶ
930 1453 1142 1496 Σιδωνίων,
1178 1448 1200 1495 ἢ
1232 1453 1305 1486 τῶν

163 1516 304 1549 λοιπῶν
328 1515 470 1558 ἐθνῶν,
495 1513 544 1559 μὴ
571 1512 692 1559 μόνον
714 1515 800 1560 περὶ
824 1515 897 1548 τῶν
923 1515 1143 1559 σωματικῶν
1165 1511 1305 1547 τούτων

163 1578 398 1622 Αἰγυπτίων,
433 1578 495 1610 καὶ
518 1578 787 1620 Βαβυλωνίων,
820 1577 882 1609 καὶ
910 1578 1072 1621 Τυρίων,
1099 1576 1160 1608 καὶ
1182 1575 1303 1609 Σιδω-

164 1641 256 1673 νίων
278 1636 536 1684 προφητεύειν,
564 1636 655 1672 ἀλλὰ
680 1638 742 1672 καὶ
767 1638 852 1681 περὶ
874 1637 947 1671 τῶν
969 1638 1120 1679 νοητῶν.
1159 1638 1208 1670 Εἰ
1230 1636 1304 1681 γὰρ

160 1700 379 1746 Ἰσραηλῖται
419 1700 562 1744 νοητοὶ,
603 1697 815 1734 ἀκόλουθον
854 1700 915 1732 καὶ
949 1700 1176 1743 Αἰγυπτίους
1210 1695 1304 1734 εἶναι

258 1904 288 1948 ¹)
315 1904 449 1936 Primus
475 1903 562 1936 Cod.
587 1903 669 1943 Reg.
690 1900 911 1947 χρήσασθαι.
936 1903 979 1934 R.

255 1960 288 2004 ²)
313 1960 403 1993 Edd.
427 1959 536 1992 Ruaei
567 1968 601 1991 et
624 1958 756 2002 Redep.
787 1958 821 1990 in
854 1967 966 1990 textu:
998 1960 1084 2003 περὶ
1107 1958 1232 2002 αὐτῆς,
1271 1962 1303 1995 εἰ

163 2017 252 2052 θεοῦ
283 2015 331 2056 ὠς
361 2017 451 2051 θεοῦ
477 2019 562 2055 κτλ.,
598 2015 650 2047 ed.
676 2027 757 2046 vero
784 2014 892 2046 Ruaei
922 2013 957 2046 in
981 2014 1090 2047 notis:
1131 2015 1211 2057 „Sic
1234 2015 1304 2060 pri·

163 2085 236 2104 mus
262 2071 347 2105 Cod.
373 2071 509 2115 Regius.
536 2071 680 2104 Tarinus
713 2071 847 2115 (itemq.
873 2070 1054 2115 Spencer.)
1078 2075 1163 2117 περὶ
1194 2071 1303 2115 αὐτῆς

161 2129 201 2162 ἐκ
234 2130 342 2168 θεοῦ,
382 2127 430 2167 ὥς
457 2129 547 2163 θεοῦ
582 2125 778 2173 ἀκούωμεν
809 2130 884 2162 κτλ.
940 2127 1135 2169 Legendum
1167 2127 1302 2161 videtur

162 2183 304 2228 (Rufino
337 2183 471 2230 jamjam
496 2183 717 2229 praeeunte):
750 2186 835 2228 περὶ
860 2182 988 2227 αὐτῆς,
1024 2186 1056 2218 εἰ
1078 2182 1230 2219 Παύλου
1254 2182 1301 2222 ὠς

161 2242 273 2275 θεοῦ(
302 2242 373 2274 κτλ.
393 2260 435 2265 -
462 2240 533 2274 Cfr.
561 2241 612 2274 ed.
638 2240 770 2284 Redep.
796 2253 870 2285 pag.
897 2239 950 2275 76.
975 2248 1048 2274 not.
1065 2238 1100 2274 8.
1124 2240 1204 2274 coll.
1221 2238 1300 2272 Ori-

163 2295 334 2344 geniapor.
361 2295 418 2328 lib.
445 2296 489 2329 ΙΙ.
515 2305 640 2339 quaest.
664 2297 731 2333 Xl.
752 2310 842 2330 num.
871 2297 923 2331 11.
