<?xml version="1.0" encoding="UTF-8"?>
<!DOCTYPE html PUBLIC "-//W3C//DTD XHTML 1.0 Transitional//EN"
    "http://www.w3.org/TR/xhtml1/DTD/xhtml1-transitional.dtd">
<html xmlns="http://www.w3.org/1999/xhtml" xml:lang="en" lang="en">
 <head>
  <title>
</title>
<meta http-equiv="Content-Type" content="text/html;charset=utf-8" />
  <meta name='ocr-system' content='tesseract 3.04.00' />
  <meta name='ocr-capabilities' content='ocr_page ocr_carea ocr_par ocr_line ocrx_word'/>
</head>
<body>
  <div class='ocr_page' id='page_1' title='image "./operaomniaquaegr21orig/operaomniaquaegr21orig_0254.png"; bbox 0 0 1404 2463; ppageno 0'>
   <div class='ocr_carea' id='block_1_1' title="bbox 167 106 817 146">
    <p class='ocr_par' dir='ltr' id='par_1_1' title="bbox 167 106 817 146">
     <span class='ocr_line' id='line_1_1' title="bbox 167 106 817 146; baseline 0.009 -5"><span class='ocrx_word' id='word_1_1' title='bbox 167 106 233 141; x_wconf 76' lang='lat'><strong>240</strong></span> <span class='ocrx_word' id='word_1_2' title='bbox 645 112 817 146; x_wconf 71' lang='lat' dir='ltr'><strong>Omcems</strong></span> 
     </span>
    </p>
   </div>
   <div class='ocr_carea' id='block_1_2' title="bbox 167 199 1308 1416">
    <p class='ocr_par' dir='ltr' id='par_1_2' title="bbox 167 199 1308 1416">
     <span class='ocr_line' id='line_1_2' title="bbox 168 199 1290 248; baseline 0.004 -17"><span class='ocrx_word' id='word_1_3' title='bbox 168 199 219 231; x_wconf 84' lang='lat' dir='ltr'><strong>rio</strong></span> <span class='ocrx_word' id='word_1_4' title='bbox 247 199 432 242; x_wconf 76' lang='lat' dir='ltr'><strong>colligatus,</strong></span> <span class='ocrx_word' id='word_1_5' title='bbox 457 201 625 233; x_wconf 70' lang='lat' dir='ltr'>auferetur</span> <span class='ocrx_word' id='word_1_6' title='bbox 640 201 672 245; x_wconf 89' lang='lat'><strong>¹)</strong></span> <span class='ocrx_word' id='word_1_7' title='bbox 696 203 852 246; x_wconf 76' lang='lat' dir='ltr'><strong>profecto</strong></span> <span class='ocrx_word' id='word_1_8' title='bbox 878 204 918 235; x_wconf 76' lang='lat' dir='ltr'><strong>ab</strong></span> <span class='ocrx_word' id='word_1_9' title='bbox 943 203 1049 235; x_wconf 79' lang='lat' dir='ltr'><strong>anima</strong></span> <span class='ocrx_word' id='word_1_10' title='bbox 1075 203 1200 235; x_wconf 86' lang='lat' dir='ltr'><strong>donum</strong></span> <span class='ocrx_word' id='word_1_11' title='bbox 1214 202 1290 248; x_wconf 83' lang='lat' dir='ltr'>Spi-</span> 
     </span>
     <span class='ocr_line' id='line_1_3' title="bbox 168 260 1290 308; baseline 0.004 -15"><span class='ocrx_word' id='word_1_12' title='bbox 168 260 267 302; x_wconf 68' lang='lat' dir='ltr'><strong>ritus,</strong></span> <span class='ocrx_word' id='word_1_13' title='bbox 298 271 331 294; x_wconf 92' lang='lat' dir='ltr'><strong>et</strong></span> <span class='ocrx_word' id='word_1_14' title='bbox 354 275 429 307; x_wconf 84' lang='lat' dir='ltr'>pars</span> <span class='ocrx_word' id='word_1_15' title='bbox 452 262 598 307; x_wconf 76' lang='lat' dir='ltr'><strong>reliqua,</strong></span> <span class='ocrx_word' id='word_1_16' title='bbox 629 276 712 308; x_wconf 84' lang='lat' dir='ltr'><strong>quae</strong></span> <span class='ocrx_word' id='word_1_17' title='bbox 736 274 902 308; x_wconf 81' lang='lat' dir='ltr'><strong>superest,</strong></span> <span class='ocrx_word' id='word_1_18' title='bbox 934 264 968 297; x_wconf 77' lang='lat' dir='ltr'><strong>id</strong></span> <span class='ocrx_word' id='word_1_19' title='bbox 993 273 1041 296; x_wconf 86' lang='lat' dir='ltr'><strong>est</strong></span> <span class='ocrx_word' id='word_1_20' title='bbox 1063 265 1190 297; x_wconf 74' lang='lat' dir='ltr'><strong>animae</strong></span> <span class='ocrx_word' id='word_1_21' title='bbox 1213 267 1290 298; x_wconf 89' lang='lat' dir='ltr'>sub-</span> 
     </span>
     <span class='ocr_line' id='line_1_4' title="bbox 168 323 1288 370; baseline 0.004 -15"><span class='ocrx_word' id='word_1_22' title='bbox 168 323 300 363; x_wconf 74' lang='lat' dir='ltr'><strong>stantia,</strong></span> <span class='ocrx_word' id='word_1_23' title='bbox 335 337 408 356; x_wconf 90' lang='lat' dir='ltr'><strong>cum</strong></span> <span class='ocrx_word' id='word_1_24' title='bbox 434 323 623 357; x_wconf 78' lang='lat' dir='ltr'><strong>infidelibus</strong></span> <span class='ocrx_word' id='word_1_25' title='bbox 646 324 854 369; x_wconf 77' lang='lat' dir='ltr'><strong>ponetur‚²)</strong></span> <span class='ocrx_word' id='word_1_26' title='bbox 886 324 989 357; x_wconf 76' lang='lat' dir='ltr'>divisa</span> <span class='ocrx_word' id='word_1_27' title='bbox 1014 338 1051 358; x_wconf 81' lang='lat' dir='ltr'><strong>ac</strong></span> <span class='ocrx_word' id='word_1_28' title='bbox 1074 335 1224 370; x_wconf 81' lang='lat' dir='ltr'><strong>separata</strong></span> <span class='ocrx_word' id='word_1_29' title='bbox 1247 328 1288 360; x_wconf 79' lang='lat' dir='ltr'><strong>ab</strong></span> 
     </span>
     <span class='ocr_line' id='line_1_5' title="bbox 169 384 1291 432; baseline 0.003 -15"><span class='ocrx_word' id='word_1_30' title='bbox 169 397 210 417; x_wconf 88' lang='lat' dir='ltr'><strong>eo</strong></span> <span class='ocrx_word' id='word_1_31' title='bbox 235 384 380 429; x_wconf 76' lang='lat' dir='ltr'><strong>Spiritu,</strong></span> <span class='ocrx_word' id='word_1_32' title='bbox 413 399 486 417; x_wconf 91' lang='lat' dir='ltr'><strong>cum</strong></span> <span class='ocrx_word' id='word_1_33' title='bbox 512 399 598 430; x_wconf 89' lang='lat' dir='ltr'>quo,</span> <span class='ocrx_word' id='word_1_34' title='bbox 622 385 801 431; x_wconf 78' lang='lat' dir='ltr'><strong>adjungens</strong></span> <span class='ocrx_word' id='word_1_35' title='bbox 825 398 859 417; x_wconf 87' lang='lat' dir='ltr'><strong>se</strong></span> <span class='ocrx_word' id='word_1_36' title='bbox 884 385 1053 426; x_wconf 70' lang='lat' dir='ltr'><strong>Domino,</strong></span> <span class='ocrx_word' id='word_1_37' title='bbox 1085 400 1170 420; x_wconf 84' lang='lat' dir='ltr'>unus</span> <span class='ocrx_word' id='word_1_38' title='bbox 1193 387 1291 432; x_wconf 74' lang='lat' dir='ltr'>spiri-</span> 
     </span>
     <span class='ocr_line' id='line_1_6' title="bbox 168 447 1290 493; baseline 0.004 -15"><span class='ocrx_word' id='word_1_39' title='bbox 168 455 220 479; x_wconf 85' lang='lat' dir='ltr'><strong>tus</strong></span> <span class='ocrx_word' id='word_1_40' title='bbox 256 459 324 479; x_wconf 89' lang='lat' dir='ltr'><strong>esse</strong></span> <span class='ocrx_word' id='word_1_41' title='bbox 357 448 528 481; x_wconf 79' lang='lat' dir='ltr'><strong>debuerat.</strong></span> <span class='ocrx_word' id='word_1_42' title='bbox 575 448 611 481; x_wconf 85' lang='lat' dir='ltr'><strong>Si</strong></span> <span class='ocrx_word' id='word_1_43' title='bbox 644 461 722 480; x_wconf 81' lang='lat' dir='ltr'><strong>vero</strong></span> <span class='ocrx_word' id='word_1_44' title='bbox 754 447 817 479; x_wconf 85' lang='lat' dir='ltr'><strong>hoc</strong></span> <span class='ocrx_word' id='word_1_45' title='bbox 849 448 961 491; x_wconf 71' lang='lat' dir='ltr'>non3)</span> <span class='ocrx_word' id='word_1_46' title='bbox 994 449 1036 480; x_wconf 86' lang='lat' dir='ltr'><strong>de</strong></span> <span class='ocrx_word' id='word_1_47' title='bbox 1060 449 1126 481; x_wconf 85' lang='lat' dir='ltr'><strong>Dei</strong></span> <span class='ocrx_word' id='word_1_48' title='bbox 1149 449 1290 493; x_wconf 75' lang='lat' dir='ltr'>Spiritu,</span> 
     </span>
     <span class='ocr_line' id='line_1_7' title="bbox 167 497 1308 554; baseline 0.003 -14"><span class='ocrx_word' id='word_1_49' title='bbox 167 508 225 540; x_wconf 82' lang='lat' dir='ltr'><strong>sed</strong></span> <span class='ocrx_word' id='word_1_50' title='bbox 256 509 296 541; x_wconf 86' lang='lat' dir='ltr'><strong>de</strong></span> <span class='ocrx_word' id='word_1_51' title='bbox 328 508 456 541; x_wconf 77' lang='lat' dir='ltr'><strong>animae</strong></span> <span class='ocrx_word' id='word_1_52' title='bbox 486 509 590 554; x_wconf 74' lang='lat' dir='ltr'>ipsius</span> <span class='ocrx_word' id='word_1_53' title='bbox 605 510 637 552; x_wconf 57' lang='grc' dir='ltr'><strong>ι)</strong></span> <span class='ocrx_word' id='word_1_54' title='bbox 670 519 783 542; x_wconf 78' lang='lat' dir='ltr'><strong>natura</strong></span> <span class='ocrx_word' id='word_1_55' title='bbox 815 508 1069 550; x_wconf 69' lang='lat' dir='ltr'><strong>intelligendum</strong></span> <span class='ocrx_word' id='word_1_56' title='bbox 1107 519 1172 551; x_wconf 84' lang='lat' dir='ltr'><strong>est,</strong></span> <span class='ocrx_word' id='word_1_57' title='bbox 1215 497 1308 554; x_wconf 33' lang='lat' dir='ltr'>pars.</span> 
     </span>
     <span class='ocr_line' id='line_1_8' title="bbox 169 568 1292 616; baseline 0.003 -15"><span class='ocrx_word' id='word_1_58' title='bbox 169 568 238 615; x_wconf 75' lang='lat' dir='ltr'><strong>ejus</strong></span> <span class='ocrx_word' id='word_1_59' title='bbox 253 571 286 614; x_wconf 88' lang='lat'><strong>⁵)</strong></span> <span class='ocrx_word' id='word_1_60' title='bbox 317 569 440 602; x_wconf 86' lang='lat' dir='ltr'><strong>melior</strong></span> <span class='ocrx_word' id='word_1_61' title='bbox 470 571 527 604; x_wconf 66' lang='lat' dir='ltr'>ilua</span> <span class='ocrx_word' id='word_1_62' title='bbox 551 571 697 611; x_wconf 80' lang='lat' dir='ltr'><strong>dicetur,</strong></span> <span class='ocrx_word' id='word_1_63' title='bbox 729 583 812 616; x_wconf 82' lang='lat' dir='ltr'><strong>quae</strong></span> <span class='ocrx_word' id='word_1_64' title='bbox 835 571 876 602; x_wconf 82' lang='lat' dir='ltr'><strong>ad</strong></span> <span class='ocrx_word' id='word_1_65' title='bbox 901 570 1077 612; x_wconf 79' lang='lat' dir='ltr'>imaginem</span> <span class='ocrx_word' id='word_1_66' title='bbox 1101 571 1169 604; x_wconf 84' lang='lat' dir='ltr'><strong>Dei</strong></span> <span class='ocrx_word' id='word_1_67' title='bbox 1192 581 1225 604; x_wconf 82' lang='lat' dir='ltr'><strong>et</strong></span> <span class='ocrx_word' id='word_1_68' title='bbox 1247 571 1292 604; x_wconf 79' lang='lat' dir='ltr'><strong>si-</strong></span> 
     </span>
     <span class='ocr_line' id='line_1_9' title="bbox 169 632 1289 677; baseline 0.001 -13"><span class='ocrx_word' id='word_1_69' title='bbox 169 632 393 664; x_wconf 71' lang='lat' dir='ltr'><strong>militudinem</strong></span> <span class='ocrx_word' id='word_1_70' title='bbox 419 633 504 665; x_wconf 79' lang='lat' dir='ltr'><strong>facta</strong></span> <span class='ocrx_word' id='word_1_71' title='bbox 529 642 595 674; x_wconf 81' lang='lat' dir='ltr'><strong>est;</strong></span> <span class='ocrx_word' id='word_1_72' title='bbox 618 633 681 665; x_wconf 79' lang='lat' dir='ltr'>alia</span> <span class='ocrx_word' id='word_1_73' title='bbox 705 641 816 664; x_wconf 82' lang='lat' dir='ltr'><strong>autem</strong></span> <span class='ocrx_word' id='word_1_74' title='bbox 840 645 933 676; x_wconf 80' lang='lat' dir='ltr'>pars,</span> <span class='ocrx_word' id='word_1_75' title='bbox 966 645 1002 665; x_wconf 82' lang='lat' dir='ltr'><strong>ea</strong></span> <span class='ocrx_word' id='word_1_76' title='bbox 1028 645 1112 677; x_wconf 86' lang='lat' dir='ltr'><strong>quae</strong></span> <span class='ocrx_word' id='word_1_77' title='bbox 1136 642 1289 677; x_wconf 80' lang='lat' dir='ltr'><strong>postmo-</strong></span> 
     </span>
     <span class='ocr_line' id='line_1_10' title="bbox 170 693 1289 739; baseline 0.001 -13"><span class='ocrx_word' id='word_1_78' title='bbox 170 694 250 726; x_wconf 88' lang='lat' dir='ltr'><strong>dum</strong></span> <span class='ocrx_word' id='word_1_79' title='bbox 285 707 345 738; x_wconf 87' lang='lat' dir='ltr'><strong>per</strong></span> <span class='ocrx_word' id='word_1_80' title='bbox 376 693 473 726; x_wconf 83' lang='lat' dir='ltr'><strong>liberi</strong></span> <span class='ocrx_word' id='word_1_81' title='bbox 505 694 634 726; x_wconf 77' lang='lat' dir='ltr'><strong>arbitrii</strong></span> <span class='ocrx_word' id='word_1_82' title='bbox 666 694 794 738; x_wconf 85' lang='lat' dir='ltr'><strong>lapsum</strong></span> <span class='ocrx_word' id='word_1_83' title='bbox 832 704 946 727; x_wconf 74' lang='lat' dir='ltr'><strong>contra</strong></span> <span class='ocrx_word' id='word_1_84' title='bbox 979 704 1130 727; x_wconf 78' lang='lat' dir='ltr'><strong>naturam</strong></span> <span class='ocrx_word' id='word_1_85' title='bbox 1161 694 1289 739; x_wconf 79' lang='lat' dir='ltr'>primae</span> 
     </span>
     <span class='ocr_line' id='line_1_11' title="bbox 169 755 1292 801; baseline 0.002 -14"><span class='ocrx_word' id='word_1_86' title='bbox 169 755 370 787; x_wconf 74' lang='lat' dir='ltr'><strong>conditionis</strong></span> <span class='ocrx_word' id='word_1_87' title='bbox 395 764 428 788; x_wconf 85' lang='lat' dir='ltr'><strong>et</strong></span> <span class='ocrx_word' id='word_1_88' title='bbox 450 755 604 800; x_wconf 81' lang='lat' dir='ltr'><strong>puritatis</strong></span> <span class='ocrx_word' id='word_1_89' title='bbox 629 765 769 787; x_wconf 78' lang='lat' dir='ltr'><strong>assumta</strong></span> <span class='ocrx_word' id='word_1_90' title='bbox 794 765 851 795; x_wconf 82' lang='lat' dir='ltr'><strong>est,</strong></span> <span class='ocrx_word' id='word_1_91' title='bbox 885 769 967 800; x_wconf 81' lang='lat' dir='ltr'><strong>quae</strong></span> <span class='ocrx_word' id='word_1_92' title='bbox 991 756 1106 800; x_wconf 79' lang='lat' dir='ltr'><strong>utique</strong></span> <span class='ocrx_word' id='word_1_93' title='bbox 1130 769 1215 801; x_wconf 81' lang='lat' dir='ltr'>pars,</span> <span class='ocrx_word' id='word_1_94' title='bbox 1238 765 1292 789; x_wconf 89' lang='lat' dir='ltr'><strong>ut-</strong></span> 
     </span>
     <span class='ocr_line' id='line_1_12' title="bbox 168 816 1292 862; baseline 0.002 -14"><span class='ocrx_word' id='word_1_95' title='bbox 168 826 250 861; x_wconf 87' lang='lat' dir='ltr'><strong>pote</strong></span> <span class='ocrx_word' id='word_1_96' title='bbox 273 816 378 849; x_wconf 75' lang='lat' dir='ltr'><strong>amica</strong></span> <span class='ocrx_word' id='word_1_97' title='bbox 403 826 436 849; x_wconf 89' lang='lat' dir='ltr'><strong>et</strong></span> <span class='ocrx_word' id='word_1_98' title='bbox 459 830 533 850; x_wconf 86' lang='lat' dir='ltr'>cara</span> <span class='ocrx_word' id='word_1_99' title='bbox 555 817 724 856; x_wconf 77' lang='lat' dir='ltr'><strong>materiae,</strong></span> <span class='ocrx_word' id='word_1_100' title='bbox 749 831 824 849; x_wconf 88' lang='lat' dir='ltr'><strong>cum</strong></span> <span class='ocrx_word' id='word_1_101' title='bbox 848 817 1035 850; x_wconf 80' lang='lat' dir='ltr'><strong>infidelium</strong></span> <span class='ocrx_word' id='word_1_102' title='bbox 1049 818 1082 862; x_wconf 80' lang='lat'>⁵)</span> <span class='ocrx_word' id='word_1_103' title='bbox 1099 827 1188 850; x_wconf 81' lang='lat' dir='ltr'><strong>sorte</strong></span> <span class='ocrx_word' id='word_1_104' title='bbox 1205 818 1292 850; x_wconf 86' lang='lat' dir='ltr'><strong>mul-</strong></span> 
     </span>
     <span class='ocr_line' id='line_1_13' title="bbox 169 878 1290 921; baseline 0.001 -11"><span class='ocrx_word' id='word_1_105' title='bbox 169 887 284 910; x_wconf 80' lang='lat' dir='ltr'><strong>ctatur.</strong></span> <span class='ocrx_word' id='word_1_106' title='bbox 332 878 447 911; x_wconf 82' lang='lat' dir='ltr'><strong>Potest</strong></span> <span class='ocrx_word' id='word_1_107' title='bbox 486 888 598 911; x_wconf 80' lang='lat' dir='ltr'><strong>autem</strong></span> <span class='ocrx_word' id='word_1_108' title='bbox 632 887 665 913; x_wconf 76' lang='lat' dir='ltr'><strong>,et</strong></span> <span class='ocrx_word' id='word_1_109' title='bbox 697 878 797 910; x_wconf 79' lang='lat' dir='ltr'><strong>tertio</strong></span> <span class='ocrx_word' id='word_1_110' title='bbox 829 891 925 911; x_wconf 86' lang='lat' dir='ltr'><strong>sensu</strong></span> <span class='ocrx_word' id='word_1_111' title='bbox 955 879 1042 912; x_wconf 86' lang='lat' dir='ltr'>illud</span> <span class='ocrx_word' id='word_1_112' title='bbox 1074 879 1216 921; x_wconf 70' lang='lat' dir='ltr'>intelligi</span> <span class='ocrx_word' id='word_1_113' title='bbox 1248 879 1290 912; x_wconf 86' lang='lat' dir='ltr'><strong>de</strong></span> 
     </span>
     <span class='ocr_line' id='line_1_14' title="bbox 169 940 1290 985; baseline 0.001 -13"><span class='ocrx_word' id='word_1_114' title='bbox 169 940 332 972; x_wconf 77' lang='lat' dir='ltr'><strong>divisione</strong></span> <span class='ocrx_word' id='word_1_115' title='bbox 356 940 427 980; x_wconf 82' lang='lat' dir='ltr'><strong>ista,</strong></span> <span class='ocrx_word' id='word_1_116' title='bbox 451 949 487 972; x_wconf 83' lang='lat' dir='ltr'><strong>ut</strong></span> <span class='ocrx_word' id='word_1_117' title='bbox 501 940 533 985; x_wconf 93' lang='lat'><strong>⁷)</strong></span> <span class='ocrx_word' id='word_1_118' title='bbox 559 940 716 985; x_wconf 79' lang='lat' dir='ltr'><strong>quoniam</strong></span> <span class='ocrx_word' id='word_1_119' title='bbox 740 940 920 985; x_wconf 71' lang='lat' dir='ltr'><strong>unicuique</strong></span> <span class='ocrx_word' id='word_1_120' title='bbox 945 940 1142 983; x_wconf 67' lang='lat' dir='ltr'><strong>fideliumss)</strong></span> <span class='ocrx_word' id='word_1_121' title='bbox 1162 940 1290 973; x_wconf 74' lang='lat' dir='ltr'><strong>etiamsi</strong></span> 
     </span>
     <span class='ocr_line' id='line_1_15' title="bbox 167 1001 1290 1047; baseline 0 -13"><span class='ocrx_word' id='word_1_122' title='bbox 167 1002 325 1034; x_wconf 78' lang='lat' dir='ltr'><strong>minimus</strong></span> <span class='ocrx_word' id='word_1_123' title='bbox 350 1001 392 1034; x_wconf 71' lang='lat' dir='ltr'><strong>sit</strong></span> <span class='ocrx_word' id='word_1_124' title='bbox 416 1001 447 1033; x_wconf 75' lang='lat' dir='ltr'><strong>in</strong></span> <span class='ocrx_word' id='word_1_125' title='bbox 474 1002 622 1042; x_wconf 81' lang='lat' dir='ltr'><strong>ecclesia,</strong></span> <span class='ocrx_word' id='word_1_126' title='bbox 649 1002 762 1034; x_wconf 82' lang='lat' dir='ltr'>adesse</span> <span class='ocrx_word' id='word_1_127' title='bbox 785 1002 919 1044; x_wconf 87' lang='lat' dir='ltr'><strong>angelus</strong></span> <span class='ocrx_word' id='word_1_128' title='bbox 944 1001 1076 1042; x_wconf 77' lang='lat' dir='ltr'><strong>dicitur,</strong></span> <span class='ocrx_word' id='word_1_129' title='bbox 1108 1002 1163 1047; x_wconf 81' lang='lat' dir='ltr'><strong>qui</strong></span> <span class='ocrx_word' id='word_1_130' title='bbox 1189 1001 1290 1034; x_wconf 81' lang='lat' dir='ltr'><strong>etiam</strong></span> 
     </span>
     <span class='ocr_line' id='line_1_16' title="bbox 167 1063 1291 1108; baseline -0.001 -11"><span class='ocrx_word' id='word_1_131' title='bbox 167 1077 300 1108; x_wconf 82' lang='lat' dir='ltr'><strong>semper</strong></span> <span class='ocrx_word' id='word_1_132' title='bbox 329 1063 443 1095; x_wconf 76' lang='lat' dir='ltr'><strong>videre</strong></span> <span class='ocrx_word' id='word_1_133' title='bbox 474 1063 594 1096; x_wconf 80' lang='lat' dir='ltr'><strong>faciem</strong></span> <span class='ocrx_word' id='word_1_134' title='bbox 618 1063 684 1096; x_wconf 83' lang='lat' dir='ltr'><strong>Dei</strong></span> <span class='ocrx_word' id='word_1_135' title='bbox 709 1063 815 1095; x_wconf 79' lang='lat' dir='ltr'><strong>Patris</strong></span> <span class='ocrx_word' id='word_1_136' title='bbox 837 1077 855 1096; x_wconf 87' lang='lat' dir='ltr'>a</span> <span class='ocrx_word' id='word_1_137' title='bbox 881 1063 1053 1096; x_wconf 75' lang='lat' dir='ltr'><strong>salvatore</strong></span> <span class='ocrx_word' id='word_1_138' title='bbox 1077 1064 1291 1108; x_wconf 77' lang='lat' dir='ltr'><strong>perhibetur3</strong></span> 
     </span>
     <span class='ocr_line' id='line_1_17' title="bbox 169 1124 1291 1170; baseline -0.001 -12"><span class='ocrx_word' id='word_1_139' title='bbox 169 1127 247 1170; x_wconf 84' lang='lat' dir='ltr'><strong>et9)</strong></span> <span class='ocrx_word' id='word_1_140' title='bbox 272 1125 324 1157; x_wconf 82' lang='lat' dir='ltr'><strong>hic</strong></span> <span class='ocrx_word' id='word_1_141' title='bbox 355 1125 470 1169; x_wconf 81' lang='lat' dir='ltr'><strong>utique</strong></span> <span class='ocrx_word' id='word_1_142' title='bbox 500 1138 604 1157; x_wconf 90' lang='lat' dir='ltr'><strong>unum</strong></span> <span class='ocrx_word' id='word_1_143' title='bbox 637 1134 707 1158; x_wconf 86' lang='lat' dir='ltr'><strong>erat</strong></span> <span class='ocrx_word' id='word_1_144' title='bbox 738 1138 813 1157; x_wconf 88' lang='lat' dir='ltr'><strong>cum</strong></span> <span class='ocrx_word' id='word_1_145' title='bbox 839 1138 897 1164; x_wconf 89' lang='lat' dir='ltr'><strong>eo,</strong></span> <span class='ocrx_word' id='word_1_146' title='bbox 933 1124 987 1157; x_wconf 86' lang='lat' dir='ltr'><strong>cui</strong></span> <span class='ocrx_word' id='word_1_147' title='bbox 1009 1134 1176 1170; x_wconf 74' lang='lat' dir='ltr'><strong>praeerat,</strong></span> <span class='ocrx_word' id='word_1_148' title='bbox 1211 1125 1238 1157; x_wconf 76' lang='lat' dir='ltr'><strong>si</strong></span> <span class='ocrx_word' id='word_1_149' title='bbox 1258 1125 1291 1157; x_wconf 66' lang='lat' dir='ltr'><strong>is</strong></span> 
     </span>
     <span class='ocr_line' id='line_1_18' title="bbox 168 1186 1289 1232; baseline -0.001 -13"><span class='ocrx_word' id='word_1_150' title='bbox 168 1200 229 1232; x_wconf 87' lang='lat' dir='ltr'><strong>per</strong></span> <span class='ocrx_word' id='word_1_151' title='bbox 259 1186 521 1219; x_wconf 72' lang='lat' dir='ltr'><strong>inobedientiam</strong></span> <span class='ocrx_word' id='word_1_152' title='bbox 554 1186 787 1231; x_wconf 64' lang='lat' dir='ltr'><strong>efficiaturffl)</strong></span> <span class='ocrx_word' id='word_1_153' title='bbox 813 1186 986 1229; x_wconf 81' lang='lat' dir='ltr'>indignus,</span> <span class='ocrx_word' id='word_1_154' title='bbox 1024 1186 1147 1219; x_wconf 78' lang='lat' dir='ltr'><strong>auferri</strong></span> <span class='ocrx_word' id='word_1_155' title='bbox 1177 1187 1218 1218; x_wconf 83' lang='lat' dir='ltr'><strong>ab</strong></span> <span class='ocrx_word' id='word_1_156' title='bbox 1249 1199 1289 1219; x_wconf 90' lang='lat' dir='ltr'><strong>eo</strong></span> 
     </span>
     <span class='ocr_line' id='line_1_19' title="bbox 168 1247 1291 1294; baseline -0.001 -13"><span class='ocrx_word' id='word_1_157' title='bbox 168 1248 235 1281; x_wconf 81' lang='lat' dir='ltr'><strong>Dei</strong></span> <span class='ocrx_word' id='word_1_158' title='bbox 250 1249 256 1267; x_wconf 88' lang='lat'>¹</span> <span class='ocrx_word' id='word_1_159' title='bbox 272 1249 302 1292; x_wconf 87' lang='lat'>¹)</span> <span class='ocrx_word' id='word_1_160' title='bbox 328 1248 462 1290; x_wconf 82' lang='lat' dir='ltr'><strong>angelus</strong></span> <span class='ocrx_word' id='word_1_161' title='bbox 487 1247 698 1292; x_wconf 81' lang='lat' dir='ltr'>dicatur‚¹²)</span> <span class='ocrx_word' id='word_1_162' title='bbox 723 1258 755 1281; x_wconf 89' lang='lat' dir='ltr'><strong>et</strong></span> <span class='ocrx_word' id='word_1_163' title='bbox 777 1258 856 1281; x_wconf 90' lang='lat' dir='ltr'><strong>tunc</strong></span> <span class='ocrx_word' id='word_1_164' title='bbox 879 1262 954 1294; x_wconf 81' lang='lat' dir='ltr'><strong>pars</strong></span> <span class='ocrx_word' id='word_1_165' title='bbox 979 1247 1068 1290; x_wconf 67' lang='lat' dir='ltr'><strong>eius,</strong></span> <span class='ocrx_word' id='word_1_166' title='bbox 1098 1248 1131 1281; x_wconf 81' lang='lat' dir='ltr'><strong>id</strong></span> <span class='ocrx_word' id='word_1_167' title='bbox 1158 1258 1206 1281; x_wconf 83' lang='lat' dir='ltr'><strong>est</strong></span> <span class='ocrx_word' id='word_1_168' title='bbox 1229 1248 1291 1280; x_wconf 87' lang='lat' dir='ltr'><strong>hu-</strong></span> 
     </span>
     <span class='ocr_line' id='line_1_20' title="bbox 169 1309 1290 1355; baseline 0 -13"><span class='ocrx_word' id='word_1_169' title='bbox 169 1323 284 1343; x_wconf 79' lang='lat' dir='ltr'><strong>manae</strong></span> <span class='ocrx_word' id='word_1_170' title='bbox 314 1319 449 1342; x_wconf 81' lang='lat' dir='ltr'><strong>naturae</strong></span> <span class='ocrx_word' id='word_1_171' title='bbox 474 1321 566 1354; x_wconf 81' lang='lat' dir='ltr'><strong>pars,</strong></span> <span class='ocrx_word' id='word_1_172' title='bbox 605 1310 719 1342; x_wconf 75' lang='lat' dir='ltr'><strong>avulsa</strong></span> <span class='ocrx_word' id='word_1_173' title='bbox 748 1323 766 1343; x_wconf 84' lang='lat' dir='ltr'>a</span> <span class='ocrx_word' id='word_1_174' title='bbox 790 1311 855 1343; x_wconf 78' lang='lat' dir='ltr'><strong>Dei</strong></span> <span class='ocrx_word' id='word_1_175' title='bbox 879 1320 973 1355; x_wconf 83' lang='lat' dir='ltr'><strong>parte</strong></span> <span class='ocrx_word' id='word_1_176' title='bbox 999 1323 1074 1343; x_wconf 90' lang='lat' dir='ltr'><strong>cum</strong></span> <span class='ocrx_word' id='word_1_177' title='bbox 1098 1309 1290 1342; x_wconf 75' lang='lat' dir='ltr'><strong>infidelibus</strong></span> 
     </span>
     <span class='ocr_line' id='line_1_21' title="bbox 169 1370 1288 1416; baseline -0.001 -12"><span class='ocrx_word' id='word_1_178' title='bbox 169 1373 358 1416; x_wconf 78' lang='lat' dir='ltr'><strong>deputetur,</strong></span> <span class='ocrx_word' id='word_1_179' title='bbox 375 1371 427 1415; x_wconf 83' lang='lat'>¹³)</span> <span class='ocrx_word' id='word_1_180' title='bbox 452 1370 612 1415; x_wconf 85' lang='lat' dir='ltr'><strong>quoniam</strong></span> <span class='ocrx_word' id='word_1_181' title='bbox 639 1372 920 1405; x_wconf 81' lang='lat' dir='ltr'><strong>commonitiones</strong></span> <span class='ocrx_word' id='word_1_182' title='bbox 937 1371 989 1416; x_wconf 75' lang='grc' dir='ltr'><strong>Ν)</strong></span> <span class='ocrx_word' id='word_1_183' title='bbox 1014 1371 1160 1416; x_wconf 77' lang='lat' dir='ltr'><strong>appositi</strong></span> <span class='ocrx_word' id='word_1_184' title='bbox 1183 1371 1247 1404; x_wconf 80' lang='lat' dir='ltr'>sibi</span> <span class='ocrx_word' id='word_1_185' title='bbox 1271 1383 1288 1402; x_wconf 84' lang='lat' dir='ltr'>a</span> 
     </span>
    </p>
   </div>
   <div class='ocr_carea' id='block_1_3' title="bbox 167 1431 850 1474">
    <p class='ocr_par' dir='ltr' id='par_1_3' title="bbox 167 1431 850 1474">
     <span class='ocr_line' id='line_1_22' title="bbox 167 1431 850 1474; baseline 0 -8"><span class='ocrx_word' id='word_1_186' title='bbox 167 1434 243 1466; x_wconf 89' lang='lat' dir='ltr'><strong>Deo</strong></span> <span class='ocrx_word' id='word_1_187' title='bbox 268 1432 375 1474; x_wconf 81' lang='lat' dir='ltr'><strong>augeli</strong></span> <span class='ocrx_word' id='word_1_188' title='bbox 398 1444 466 1465; x_wconf 88' lang='lat' dir='ltr'><strong>non</strong></span> <span class='ocrx_word' id='word_1_189' title='bbox 490 1431 638 1464; x_wconf 85' lang='lat' dir='ltr'><strong>fideliter</strong></span> <span class='ocrx_word' id='word_1_190' title='bbox 662 1433 850 1466; x_wconf 83' lang='lat' dir='ltr'><strong>custodivit.</strong></span> 
     </span>
    </p>
   </div>
   <div class='ocr_carea' id='block_1_4' title="bbox 263 1606 1290 1651">
    <p class='ocr_par' dir='ltr' id='par_1_4' title="bbox 263 1606 1290 1651">
     <span class='ocr_line' id='line_1_23' title="bbox 263 1606 1290 1651; baseline -0.001 -12"><span class='ocrx_word' id='word_1_191' title='bbox 263 1607 294 1650; x_wconf 87' lang='lat'><strong>¹)</strong></span> <span class='ocrx_word' id='word_1_192' title='bbox 318 1607 376 1640; x_wconf 86' lang='lat' dir='ltr'><strong>Sic</strong></span> <span class='ocrx_word' id='word_1_193' title='bbox 405 1607 485 1641; x_wconf 64' lang='lat' dir='ltr'><strong>BIss.</strong></span> <span class='ocrx_word' id='word_1_194' title='bbox 512 1607 604 1640; x_wconf 76' lang='lat' dir='ltr'>Alias</span> <span class='ocrx_word' id='word_1_195' title='bbox 635 1607 683 1651; x_wconf 78' lang='lat' dir='ltr'><strong>(V.</strong></span> <span class='ocrx_word' id='word_1_196' title='bbox 719 1619 746 1640; x_wconf 86' lang='lat' dir='ltr'><strong>c.</strong></span> <span class='ocrx_word' id='word_1_197' title='bbox 771 1606 806 1639; x_wconf 85' lang='lat' dir='ltr'><strong>in</strong></span> <span class='ocrx_word' id='word_1_198' title='bbox 831 1608 905 1641; x_wconf 81' lang='lat' dir='ltr'><strong>edd.</strong></span> <span class='ocrx_word' id='word_1_199' title='bbox 931 1607 995 1651; x_wconf 83' lang='lat' dir='ltr'><strong>M.)</strong></span> <span class='ocrx_word' id='word_1_200' title='bbox 1029 1607 1217 1648; x_wconf 77' lang='lat' dir='ltr'><strong>„auferatur</strong></span> <span class='ocrx_word' id='word_1_201' title='bbox 1248 1607 1290 1639; x_wconf 83' lang='lat' dir='ltr'><strong>ab</strong></span> 
     </span>
    </p>
   </div>
   <div class='ocr_carea' id='block_1_5' title="bbox 169 1651 1287 1865">
    <p class='ocr_par' dir='ltr' id='par_1_5' title="bbox 169 1651 1287 1865">
     <span class='ocr_line' id='line_1_24' title="bbox 169 1651 601 1685; baseline 0.002 -1"><span class='ocrx_word' id='word_1_202' title='bbox 169 1651 275 1685; x_wconf 76' lang='lat' dir='ltr'><strong>anima</strong></span> <span class='ocrx_word' id='word_1_203' title='bbox 300 1653 446 1685; x_wconf 80' lang='lat' dir='ltr'><strong>donum“</strong></span> <span class='ocrx_word' id='word_1_204' title='bbox 474 1662 536 1685; x_wconf 89' lang='lat' dir='ltr'><strong>etc.</strong></span> <span class='ocrx_word' id='word_1_205' title='bbox 562 1653 601 1685; x_wconf 84' lang='lat' dir='ltr'><strong>R.</strong></span> 
     </span>
     <span class='ocr_line' id='line_1_25' title="bbox 260 1702 1162 1753; baseline 0 -13"><span class='ocrx_word' id='word_1_206' title='bbox 260 1708 293 1751; x_wconf 83' lang='lat'>²)</span> <span class='ocrx_word' id='word_1_207' title='bbox 321 1708 381 1740; x_wconf 88' lang='lat' dir='ltr'><strong>Ed.</strong></span> <span class='ocrx_word' id='word_1_208' title='bbox 407 1709 455 1741; x_wconf 83' lang='lat' dir='ltr'><strong>M.</strong></span> <span class='ocrx_word' id='word_1_209' title='bbox 480 1709 504 1742; x_wconf 80' lang='grc' dir='ltr'><strong>Ι.</strong></span> <span class='ocrx_word' id='word_1_210' title='bbox 532 1708 721 1753; x_wconf 81' lang='lat' dir='ltr'><strong>»ponitur‚“</strong></span> <span class='ocrx_word' id='word_1_211' title='bbox 749 1708 800 1740; x_wconf 86' lang='lat' dir='ltr'><strong>ed.</strong></span> <span class='ocrx_word' id='word_1_212' title='bbox 824 1708 872 1740; x_wconf 84' lang='lat' dir='ltr'><strong>M.</strong></span> <span class='ocrx_word' id='word_1_213' title='bbox 899 1708 939 1741; x_wconf 88' lang='lat' dir='ltr'><strong>ll.</strong></span> <span class='ocrx_word' id='word_1_214' title='bbox 967 1702 1162 1752; x_wconf 66' lang='lat' dir='ltr'><strong>»pohatur.“</strong></span> 
     </span>
     <span class='ocr_line' id='line_1_26' title="bbox 258 1763 1287 1808; baseline 0 -12"><span class='ocrx_word' id='word_1_215' title='bbox 258 1765 291 1808; x_wconf 82' lang='grc'><strong>3)</strong></span> <span class='ocrx_word' id='word_1_216' title='bbox 316 1763 378 1796; x_wconf 85' lang='lat' dir='ltr'><strong>Ed.</strong></span> <span class='ocrx_word' id='word_1_217' title='bbox 407 1765 451 1799; x_wconf 83' lang='grc' dir='ltr'><strong>Μ.</strong></span> <span class='ocrx_word' id='word_1_218' title='bbox 475 1765 500 1799; x_wconf 94' lang='lat' dir='ltr'><strong>I.</strong></span> <span class='ocrx_word' id='word_1_219' title='bbox 528 1777 614 1797; x_wconf 87' lang='lat' dir='ltr'>»non</span> <span class='ocrx_word' id='word_1_220' title='bbox 639 1773 688 1796; x_wconf 85' lang='lat' dir='ltr'><strong>est</strong></span> <span class='ocrx_word' id='word_1_221' title='bbox 711 1765 773 1797; x_wconf 86' lang='lat' dir='ltr'><strong>de“</strong></span> <span class='ocrx_word' id='word_1_222' title='bbox 800 1773 860 1796; x_wconf 80' lang='lat' dir='ltr'><strong>etc.</strong></span> <span class='ocrx_word' id='word_1_223' title='bbox 921 1765 954 1806; x_wconf 80' lang='lat'><strong>⁴²)</strong></span> <span class='ocrx_word' id='word_1_224' title='bbox 980 1764 1065 1796; x_wconf 87' lang='lat' dir='ltr'><strong>Edd.</strong></span> <span class='ocrx_word' id='word_1_225' title='bbox 1091 1764 1137 1796; x_wconf 89' lang='lat' dir='ltr'><strong>M.</strong></span> <span class='ocrx_word' id='word_1_226' title='bbox 1165 1763 1287 1808; x_wconf 62' lang='lat' dir='ltr'><strong>„ejusf‘</strong></span> 
     </span>
     <span class='ocr_line' id='line_1_27' title="bbox 260 1819 1287 1865; baseline -0.002 -12"><span class='ocrx_word' id='word_1_227' title='bbox 260 1821 292 1864; x_wconf 89' lang='lat'><strong>⁵)</strong></span> <span class='ocrx_word' id='word_1_228' title='bbox 316 1820 421 1853; x_wconf 83' lang='lat' dir='ltr'><strong>Deest</strong></span> <span class='ocrx_word' id='word_1_229' title='bbox 447 1821 557 1865; x_wconf 80' lang='lat' dir='ltr'><strong>„ejus“</strong></span> <span class='ocrx_word' id='word_1_230' title='bbox 584 1821 617 1852; x_wconf 78' lang='lat' dir='ltr'><strong>in</strong></span> <span class='ocrx_word' id='word_1_231' title='bbox 643 1820 717 1852; x_wconf 86' lang='lat' dir='ltr'><strong>edd.</strong></span> <span class='ocrx_word' id='word_1_232' title='bbox 738 1820 785 1853; x_wconf 88' lang='lat' dir='ltr'><strong>M.</strong></span> <span class='ocrx_word' id='word_1_233' title='bbox 837 1820 870 1862; x_wconf 75' lang='grc'><strong>6)</strong></span> <span class='ocrx_word' id='word_1_234' title='bbox 894 1820 980 1852; x_wconf 88' lang='lat' dir='ltr'><strong>Edd.</strong></span> <span class='ocrx_word' id='word_1_235' title='bbox 1005 1820 1053 1853; x_wconf 86' lang='lat' dir='ltr'><strong>M.</strong></span> <span class='ocrx_word' id='word_1_236' title='bbox 1081 1819 1287 1861; x_wconf 70' lang='lat' dir='ltr'><strong>„fidelium.“</strong></span> 
     </span>
    </p>
   </div>
   <div class='ocr_carea' id='block_1_6' title="bbox 170 1874 1287 1966">
    <p class='ocr_par' dir='ltr' id='par_1_6' title="bbox 170 1874 1287 1966">
     <span class='ocr_line' id='line_1_28' title="bbox 262 1874 1287 1920; baseline 0 -13"><span class='ocrx_word' id='word_1_237' title='bbox 262 1876 294 1919; x_wconf 84' lang='lat'>⁷)</span> <span class='ocrx_word' id='word_1_238' title='bbox 319 1875 404 1908; x_wconf 77' lang='lat' dir='ltr'><strong>Vide</strong></span> <span class='ocrx_word' id='word_1_239' title='bbox 432 1877 488 1910; x_wconf 84' lang='lat' dir='ltr'><strong>lib.</strong></span> <span class='ocrx_word' id='word_1_240' title='bbox 514 1878 555 1911; x_wconf 85' lang='grc' dir='ltr'><strong>ΙΙ.</strong></span> <span class='ocrx_word' id='word_1_241' title='bbox 580 1876 811 1917; x_wconf 78' lang='lat' dir='ltr'><strong>origenianor.</strong></span> <span class='ocrx_word' id='word_1_242' title='bbox 838 1885 961 1920; x_wconf 85' lang='lat' dir='ltr'><strong>quaest.</strong></span> <span class='ocrx_word' id='word_1_243' title='bbox 987 1876 1027 1908; x_wconf 89' lang='lat' dir='ltr'><strong>V.</strong></span> <span class='ocrx_word' id='word_1_244' title='bbox 1053 1889 1144 1907; x_wconf 89' lang='lat' dir='ltr'><strong>num.</strong></span> <span class='ocrx_word' id='word_1_245' title='bbox 1163 1875 1216 1909; x_wconf 80' lang='grc'><strong>28.</strong></span> <span class='ocrx_word' id='word_1_246' title='bbox 1232 1874 1287 1909; x_wconf 87' lang='grc'><strong>30.</strong></span> 
     </span>
     <span class='ocr_line' id='line_1_29' title="bbox 170 1920 1287 1966; baseline 0.001 -13"><span class='ocrx_word' id='word_1_247' title='bbox 170 1922 247 1953; x_wconf 72' lang='lat' dir='ltr'><strong>coll.</strong></span> <span class='ocrx_word' id='word_1_248' title='bbox 273 1922 325 1953; x_wconf 83' lang='lat' dir='ltr'><strong>ed.</strong></span> <span class='ocrx_word' id='word_1_249' title='bbox 350 1921 479 1966; x_wconf 84' lang='lat' dir='ltr'><strong>Redep.</strong></span> <span class='ocrx_word' id='word_1_250' title='bbox 504 1935 575 1966; x_wconf 83' lang='lat' dir='ltr'><strong>pag.</strong></span> <span class='ocrx_word' id='word_1_251' title='bbox 602 1921 677 1957; x_wconf 84' lang='lat'><strong>231.</strong></span> <span class='ocrx_word' id='word_1_252' title='bbox 701 1930 771 1953; x_wconf 89' lang='lat' dir='ltr'><strong>not.</strong></span> <span class='ocrx_word' id='word_1_253' title='bbox 796 1920 848 1955; x_wconf 88' lang='grc'><strong>30.</strong></span> <span class='ocrx_word' id='word_1_254' title='bbox 874 1921 992 1953; x_wconf 76' lang='lat' dir='ltr'><strong>Matth.</strong></span> <span class='ocrx_word' id='word_1_255' title='bbox 1016 1921 1143 1959; x_wconf 88' lang='lat' dir='ltr'>XVlll,</span> <span class='ocrx_word' id='word_1_256' title='bbox 1169 1920 1287 1955; x_wconf 87' lang='lat'><strong>10.11.</strong></span> 
     </span>
    </p>
   </div>
   <div class='ocr_carea' id='block_1_7' title="bbox 166 1975 1286 2066">
    <p class='ocr_par' dir='ltr' id='par_1_7' title="bbox 166 1975 1286 2066">
     <span class='ocr_line' id='line_1_30' title="bbox 257 1975 1286 2020; baseline 0 -12"><span class='ocrx_word' id='word_1_257' title='bbox 257 1978 291 2020; x_wconf 69' lang='grc'><strong>8)</strong></span> <span class='ocrx_word' id='word_1_258' title='bbox 316 1977 377 2008; x_wconf 85' lang='lat' dir='ltr'><strong>Ed.</strong></span> <span class='ocrx_word' id='word_1_259' title='bbox 397 1976 442 2010; x_wconf 84' lang='lat' dir='ltr'><strong>M.</strong></span> <span class='ocrx_word' id='word_1_260' title='bbox 463 1979 487 2011; x_wconf 90' lang='grc' dir='ltr'><strong>Ι.</strong></span> <span class='ocrx_word' id='word_1_261' title='bbox 516 1978 687 2017; x_wconf 77' lang='lat' dir='ltr'><strong>„fidelium</strong></span> <span class='ocrx_word' id='word_1_262' title='bbox 711 1976 738 2009; x_wconf 81' lang='lat' dir='ltr'><strong>si</strong></span> <span class='ocrx_word' id='word_1_263' title='bbox 755 1976 929 2009; x_wconf 69' lang='lat' dir='ltr'><strong>minimus«</strong></span> <span class='ocrx_word' id='word_1_264' title='bbox 949 1985 1011 2010; x_wconf 85' lang='lat' dir='ltr'><strong>etc.</strong></span> <span class='ocrx_word' id='word_1_265' title='bbox 1025 1996 1064 2002; x_wconf 95' lang='lat'><strong>—</strong></span> <span class='ocrx_word' id='word_1_266' title='bbox 1091 1975 1286 2009; x_wconf 55' lang='lat' dir='ltr'><strong>CfrAEIatth.</strong></span> 
     </span>
     <span class='ocr_line' id='line_1_31' title="bbox 166 2021 1286 2066; baseline 0.001 -13"><span class='ocrx_word' id='word_1_267' title='bbox 166 2021 288 2061; x_wconf 75' lang='lat' dir='ltr'>XVIII,</span> <span class='ocrx_word' id='word_1_268' title='bbox 314 2022 364 2056; x_wconf 89' lang='grc'><strong>10.</strong></span> <span class='ocrx_word' id='word_1_269' title='bbox 449 2022 482 2066; x_wconf 81' lang='lat'>9)</span> <span class='ocrx_word' id='word_1_270' title='bbox 506 2023 590 2055; x_wconf 88' lang='lat' dir='ltr'><strong>Edd.</strong></span> <span class='ocrx_word' id='word_1_271' title='bbox 616 2023 663 2055; x_wconf 89' lang='lat' dir='ltr'><strong>M.</strong></span> <span class='ocrx_word' id='word_1_272' title='bbox 691 2031 745 2063; x_wconf 88' lang='lat' dir='ltr'><strong>„et</strong></span> <span class='ocrx_word' id='word_1_273' title='bbox 772 2022 826 2054; x_wconf 85' lang='lat' dir='ltr'><strong>hic</strong></span> <span class='ocrx_word' id='word_1_274' title='bbox 851 2021 907 2066; x_wconf 85' lang='lat' dir='ltr'><strong>qui</strong></span> <span class='ocrx_word' id='word_1_275' title='bbox 930 2022 1047 2066; x_wconf 86' lang='lat' dir='ltr'><strong>utique</strong></span> <span class='ocrx_word' id='word_1_276' title='bbox 1071 2025 1196 2053; x_wconf 85' lang='lat' dir='ltr'><strong>unum“</strong></span> <span class='ocrx_word' id='word_1_277' title='bbox 1223 2030 1286 2054; x_wconf 79' lang='lat' dir='ltr'><strong>etc.</strong></span> 
     </span>
    </p>
   </div>
   <div class='ocr_carea' id='block_1_8' title="bbox 237 2077 746 2121">
    <p class='ocr_par' dir='ltr' id='par_1_8' title="bbox 237 2077 746 2121">
     <span class='ocr_line' id='line_1_32' title="bbox 237 2077 746 2121; baseline 0.006 -13"><span class='ocrx_word' id='word_1_278' title='bbox 237 2078 289 2121; x_wconf 88' lang='lat'><strong>¹⁰)</strong></span> <span class='ocrx_word' id='word_1_279' title='bbox 313 2077 375 2109; x_wconf 84' lang='lat' dir='ltr'><strong>Ed.</strong></span> <span class='ocrx_word' id='word_1_280' title='bbox 407 2077 453 2110; x_wconf 85' lang='lat' dir='ltr'><strong>M.</strong></span> <span class='ocrx_word' id='word_1_281' title='bbox 482 2079 522 2111; x_wconf 86' lang='grc' dir='ltr'><strong>Π.</strong></span> <span class='ocrx_word' id='word_1_282' title='bbox 550 2079 746 2119; x_wconf 80' lang='lat' dir='ltr'><strong>„esficitur.“</strong></span> 
     </span>
    </p>
   </div>
   <div class='ocr_carea' id='block_1_9' title="bbox 164 2131 1285 2223">
    <p class='ocr_par' dir='ltr' id='par_1_9' title="bbox 164 2131 1285 2223">
     <span class='ocr_line' id='line_1_33' title="bbox 237 2131 1285 2178; baseline 0 -15"><span class='ocrx_word' id='word_1_283' title='bbox 237 2133 290 2176; x_wconf 88' lang='lat'>¹¹)</span> <span class='ocrx_word' id='word_1_284' title='bbox 314 2132 420 2164; x_wconf 86' lang='lat' dir='ltr'><strong>Deest</strong></span> <span class='ocrx_word' id='word_1_285' title='bbox 444 2131 476 2164; x_wconf 84' lang='lat' dir='ltr'><strong>in</strong></span> <span class='ocrx_word' id='word_1_286' title='bbox 510 2134 679 2177; x_wconf 83' lang='lat' dir='ltr'>prioribus</span> <span class='ocrx_word' id='word_1_287' title='bbox 711 2135 785 2168; x_wconf 85' lang='lat' dir='ltr'><strong>edd.</strong></span> <span class='ocrx_word' id='word_1_288' title='bbox 818 2134 864 2178; x_wconf 80' lang='lat' dir='ltr'><strong>(v.</strong></span> <span class='ocrx_word' id='word_1_289' title='bbox 891 2146 917 2166; x_wconf 89' lang='lat' dir='ltr'><strong>c.</strong></span> <span class='ocrx_word' id='word_1_290' title='bbox 944 2134 1019 2167; x_wconf 88' lang='lat' dir='ltr'><strong>edd.</strong></span> <span class='ocrx_word' id='word_1_291' title='bbox 1044 2131 1122 2175; x_wconf 85' lang='lat' dir='ltr'>M.)‚</span> <span class='ocrx_word' id='word_1_292' title='bbox 1145 2133 1203 2165; x_wconf 81' lang='lat' dir='ltr'><strong>sed</strong></span> <span class='ocrx_word' id='word_1_293' title='bbox 1228 2132 1285 2164; x_wconf 77' lang='lat' dir='ltr'><strong>ha-</strong></span> 
     </span>
     <span class='ocr_line' id='line_1_34' title="bbox 164 2177 1193 2223; baseline 0 -13"><span class='ocrx_word' id='word_1_294' title='bbox 164 2179 260 2211; x_wconf 77' lang='lat' dir='ltr'><strong>betur</strong></span> <span class='ocrx_word' id='word_1_295' title='bbox 282 2178 315 2209; x_wconf 83' lang='lat' dir='ltr'><strong>in</strong></span> <span class='ocrx_word' id='word_1_296' title='bbox 341 2177 418 2209; x_wconf 79' lang='lat' dir='ltr'><strong>Mss.</strong></span> <span class='ocrx_word' id='word_1_297' title='bbox 447 2178 563 2211; x_wconf 81' lang='lat' dir='ltr'><strong>»Dei.“</strong></span> <span class='ocrx_word' id='word_1_298' title='bbox 589 2180 630 2213; x_wconf 90' lang='lat' dir='ltr'><strong>R.</strong></span> <span class='ocrx_word' id='word_1_299' title='bbox 754 2180 807 2223; x_wconf 84' lang='lat'>¹²)</span> <span class='ocrx_word' id='word_1_300' title='bbox 832 2179 918 2212; x_wconf 89' lang='lat' dir='ltr'><strong>Edd.</strong></span> <span class='ocrx_word' id='word_1_301' title='bbox 944 2179 992 2211; x_wconf 83' lang='lat' dir='ltr'><strong>M.</strong></span> <span class='ocrx_word' id='word_1_302' title='bbox 1020 2178 1193 2210; x_wconf 80' lang='lat' dir='ltr'><strong>»dicitur.“</strong></span> 
     </span>
    </p>
   </div>
   <div class='ocr_carea' id='block_1_10' title="bbox 235 2231 1282 2333">
    <p class='ocr_par' dir='ltr' id='par_1_10' title="bbox 235 2231 1282 2333">
     <span class='ocr_line' id='line_1_35' title="bbox 236 2231 1177 2278; baseline -0.001 -13"><span class='ocrx_word' id='word_1_303' title='bbox 236 2234 287 2276; x_wconf 79' lang='lat'>¹3)</span> <span class='ocrx_word' id='word_1_304' title='bbox 312 2232 398 2265; x_wconf 87' lang='lat' dir='ltr'><strong>Edd.</strong></span> <span class='ocrx_word' id='word_1_305' title='bbox 425 2233 472 2265; x_wconf 87' lang='lat' dir='ltr'><strong>M.</strong></span> <span class='ocrx_word' id='word_1_306' title='bbox 500 2235 731 2278; x_wconf 56' lang='lat' dir='ltr'><strong>„deputaturm</strong></span> <span class='ocrx_word' id='word_1_307' title='bbox 758 2257 801 2264; x_wconf 86' lang='lat'><strong>--</strong></span> <span class='ocrx_word' id='word_1_308' title='bbox 826 2235 895 2268; x_wconf 84' lang='lat' dir='ltr'><strong>Cfr.</strong></span> <span class='ocrx_word' id='word_1_309' title='bbox 922 2240 997 2266; x_wconf 79' lang='lat' dir='ltr'><strong>Luc.</strong></span> <span class='ocrx_word' id='word_1_310' title='bbox 1021 2233 1100 2272; x_wconf 88' lang='lat' dir='ltr'>XII,</span> <span class='ocrx_word' id='word_1_311' title='bbox 1123 2231 1177 2265; x_wconf 85' lang='grc'><strong>46.</strong></span> 
     </span>
     <span class='ocr_line' id='line_1_36' title="bbox 235 2287 1282 2333; baseline -0.003 -12"><span class='ocrx_word' id='word_1_312' title='bbox 235 2290 286 2331; x_wconf 72' lang='lat'>¹⁴)</span> <span class='ocrx_word' id='word_1_313' title='bbox 311 2289 403 2321; x_wconf 83' lang='lat' dir='ltr'>Libri</span> <span class='ocrx_word' id='word_1_314' title='bbox 429 2289 508 2322; x_wconf 73' lang='lat' dir='ltr'><strong>editi</strong></span> <span class='ocrx_word' id='word_1_315' title='bbox 534 2291 578 2333; x_wconf 66' lang='lat' dir='ltr'><strong>(V.</strong></span> <span class='ocrx_word' id='word_1_316' title='bbox 606 2303 632 2322; x_wconf 86' lang='lat' dir='ltr'><strong>e.</strong></span> <span class='ocrx_word' id='word_1_317' title='bbox 659 2291 710 2325; x_wconf 82' lang='lat' dir='ltr'><strong>ed.</strong></span> <span class='ocrx_word' id='word_1_318' title='bbox 735 2291 783 2323; x_wconf 88' lang='lat' dir='ltr'><strong>M.</strong></span> <span class='ocrx_word' id='word_1_319' title='bbox 809 2290 868 2333; x_wconf 88' lang='grc' dir='ltr'><strong>ΙΙ.)</strong></span> <span class='ocrx_word' id='word_1_320' title='bbox 902 2287 1145 2330; x_wconf 78' lang='lat' dir='ltr'><strong>„commonitio</strong></span> <span class='ocrx_word' id='word_1_321' title='bbox 1178 2300 1282 2331; x_wconf 81' lang='lat' dir='ltr'>appo-</span> 
     </span>
    </p>
   </div>
  </div>
 </body>
</html>
