1404 2463
183 101 246 136 192
658 102 831 135 Ommzms

184 203 246 235 pro
271 190 486 224 similitudine
519 192 641 236 absque
664 200 835 236 peccatos·
886 190 952 223 Sed
984 190 1063 233 et¹)
1086 189 1157 233 ipse
1184 188 1305 221 Domi-

184 265 245 285 nus
270 253 367 285 dicit:
402 252 553 296 „Quis²)
580 262 723 284 vestrum
757 261 869 294 arguet
894 264 946 282 me
972 251 1012 283 dr·
1037 250 1225 295 pcccato?“
1262 250 1303 282 Et

183 313 304 345 iterum
340 314 410 357 ipse
443 314 524 346 dicit
557 315 597 346 ‹le
631 327 680 346 se:
719 314 872 356 „Ecce³)
897 312 986 345 venit
1009 312 1163 356 princeps
1187 310 1305 343 mundi

184 374 296 420 hujus,
335 384 369 407 et
397 375 430 407 in
460 389 513 407 me
549 389 616 407 non
647 375 772 408 invenit
809 376 1018 419 quicquam.“
1068 374 1164 417 Quae
1196 373 1307 405 omnia

186 437 317 469 nullum
350 437 383 469 in
422 450 461 469 eo
494 436 623 481 peccati
652 450 782 469 sensum
815 437 962 469 indicant
986 436 1154 468 exstitisse.
1202 433 1306 477 Quod

184 508 221 531 nt
254 499 418 543 propheta
459 498 644 531 evidentius
683 499 882 540 designaret,
922 497 1043 542 quia‘)
1074 509 1242 541 nunquam
1274 489 1309 527 in

186 574 262 592 euru
300 559 482 604 iniquitatis
512 574 623 592 sensus
653 560 825 602 intrasset,
861 560 923 592 ait:
956 559 1220 603 „Priusquam⁵)
1244 557 1308 590 sci-

186 631 237 654 ret
266 634 350 664 puer
380 630 527 666 patrem,
564 631 620 653 aut
644 632 783 655 matrem
809 635 947 660 vocare,
982 621 1101 653 avertit
1123 633 1157 652 se
1182 620 1223 652 ab
1246 618 1308 651 ini-

190 683 346 727 quitate.“

276 745 307 779 5.
354 743 457 786 Quod
483 744 508 777 si
533 744 632 777 alicui
658 745 798 777 difficile
826 744 1011 784 videbitur,
1035 757 1098 789 pro
1125 756 1184 783 eo,
1216 742 1308 787 quod

186 805 420 838 rationabilem
451 806 596 838 animam
636 820 704 839 csse
736 807 769 838 in
796 806 926 839 Christo
964 819 1062 850 supra
1093 803 1311 844 ostendimus,

188 868 338 911 quum5)
361 867 477 911 utique
502 867 686 900 animarum
711 877 860 900 naturam
884 867 965 899 boni
989 867 1137 911 malique
1155 878 1309 910 capacem

185 942 248 973 per
282 941 397 961 omnes
429 929 670 973 disputationes
700 939 828 962 nostras
859 930 1050 973 frequenter
1086 926 1309 960 ostendimus:

186 990 251 1022 hoc
289 991 394 1023 modo
435 989 482 1022 rei
522 989 619 1035 liujus
653 991 883 1034 explanabitur
914 990 1102 1023 difficultas.
1150 990 1308 1021 Naturam

188 1051 322 1095 quidem
347 1052 474 1084 animae
499 1051 588 1084 illius
616 1052 699 1084 hanc
723 1052 840 1090 fuisse,
878 1064 960 1096 quae
992 1061 1041 1083 est
1065 1050 1216 1082 omnium
1241 1049 1309 1081 ani-

186 1125 326 1152 marum,
351 1126 419 1145 non
444 1123 555 1157 potest
579 1113 739 1145 dubitari:
764 1113 914 1157 alioquin
939 1126 1000 1145 nec
1025 1112 1091 1144 dici
1115 1112 1224 1145 anima
1247 1123 1308 1155 po-

188 1174 270 1212 tuit,
309 1174 336 1206 si
374 1188 450 1206 vere
482 1188 548 1207 non
580 1175 644 1207 fuit
675 1175 793 1208 anima.
841 1176 965 1206 Verum
982 1176 1014 1216 ⁷)
1046 1173 1204 1218 quoniam
1228 1172 1308 1205 boni

187 1235 333 1279 malique
369 1235 510 1278 eligendi
542 1236 679 1269 facultas
697 1239 729 1280 ⁶)
763 1236 917 1269 omnibus
953 1245 1086 1280 praesto
1126 1243 1190 1274 est,
1229 1234 1309 1266 haec

187 1296 313 1338 anima,
346 1310 428 1341 quac
455 1297 576 1330 Christi
604 1307 670 1336 est,
711 1298 755 1330 ita
782 1297 881 1339 elegit
905 1297 1041 1338 diligere
1066 1296 1241 1342 justitiam,
1272 1304 1309 1327 ut

185 1370 249 1401 pro
288 1357 507 1390 immensitate
548 1359 739 1391 dilectionis
772 1358 1074 1391 inconvertibiliter
1103 1357 1178 1400 εἶθ)
1212 1366 1310 1401 atque

187 1418 453 1462 inseparabiliter
477 1419 678 1459 inhaereret,
703 1420 746 1452 ita
772 1430 808 1452 ut
834 1419 1000 1464 propositi
1024 1419 1182 1458 firmitas,
1207 1428 1239 1451 et
1262 1419 1310 1450 as-

187 1481 294 1512 sectus
336 1480 556 1523 immensitas,
607 1491 638 1514 et
679 1482 868 1514 dilectionis
907 1480 1181 1522 inexstinguibilis
1221 1480 1312 1512 calor

191 1553 326 1574 omnem
349 1554 480 1574 sensum
505 1542 730 1575 conversionis
755 1552 853 1587 atque
878 1541 1117 1575 immutationis
1142 1540 1311 1574 aescindc-

279 1715 309 1758 ¹)
334 1715 439 1747 Deest
464 1720 538 1757 „et“
565 1717 597 1747 iu
624 1716 697 1748 edd.
720 1716 767 1749 M.
853 1715 886 1759 ²)
911 1716 969 1749 Ev.
993 1717 1112 1748 Joann.
1138 1715 1228 1755 Vlll,
1252 1714 1307 1748 46.

279 1771 313 1814 ³)
339 1771 399 1804 Ev.
423 1771 542 1803 Joann.
567 1771 658 1810 XIV,
683 1770 735 1805 30.
853 1770 886 1815 4)
911 1771 973 1804 Ed.
998 1773 1049 1806 Μ.
1076 1771 1113 1803 ΙΙ.
1141 1771 1286 1816 „quod.“

281 1827 314 1870 ⁵)
339 1826 440 1859 Jesai.
466 1827 540 1865 Vll,
569 1826 618 1861 16.
645 1826 722 1859 coll.
749 1827 837 1866 Vlll,
861 1827 892 1860 4.

278 1882 314 1926 f)
341 1882 386 1913 lta
412 1881 492 1913 editi
518 1884 564 1926 (v,
590 1895 617 1916 c.
646 1883 720 1914 edd.
745 1882 823 1926 M.)‚
847 1882 928 1915 Mss.
953 1892 1053 1914 vero:
1079 1885 1232 1926 „quam.“
1259 1882 1296 1914 R.

281 1938 313 1981 ⁷)
339 1936 426 1969 Vide
453 1938 508 1969 lib.
536 1939 577 1973 ll.
603 1937 834 1979 Origenianor.
861 1948 985 1982 quaest.
1012 1938 1070 1971 ΙΙΙ.
1094 1951 1187 1970 num.
1211 1937 1241 1971 6.

280 1995 314 2037 ²⁵)
342 1994 387 2025 lta
414 1994 491 2025 Mss.
522 1994 612 2026 Alias
643 1996 689 2037 (v.
717 2007 743 2026 c.
770 1993 803 2025 in
829 1994 902 2025 edd.
929 1994 995 2037 M.)
1032 1993 1190 2034 „facultas
1214 2004 1309 2036 prae-

189 2048 240 2070 sto
266 2048 314 2070 est
340 2038 416 2070 huic
440 2038 578 2077 animae,
603 2052 688 2082 quae
714 2038 837 2071 Christi
861 2042 939 2071 est.“
966 2039 1006 2071 R.

282 2099 315 2143 9)
340 2099 582 2131 Desiderantur
604 2100 638 2131 in
663 2109 756 2131 antea
782 2098 898 2138 editis,
930 2099 1078 2144 quamvis
1102 2097 1310 2143 reperiantur

189 2145 223 2176 in
249 2144 402 2176 omnibus
427 2145 506 2176 Mss.
532 2146 648 2176 verba:
682 2144 735 2184 „ei
758 2153 856 2188 atque
880 2144 1175 2189 inseparabiliter.“
1202 2144 1241 2177 R.
1266 2162 1308 2168 —

189 2189 275 2221 Edd.
302 2189 350 2222 M.
383 2198 440 2229 „ut
473 2202 535 2233 pro
560 2189 781 2222 immensitate
807 2189 996 2222 dilectionis
1020 2189 1051 2221 ei
1072 2187 1307 2221 inconvertibi-

191 2234 267 2266 liter
298 2234 499 2274 inhaereret,
535 2235 578 2266 ita
609 2239 665 2265 ut“
700 2243 760 2266 etc.
813 2235 880 2266 Cfr.
907 2235 959 2269 ed.
983 2235 1111 2278 Redep.
1136 2246 1208 2278 pag.
1234 2231 1307 2267 198.

189 2289 258 2311 not.
282 2279 334 2314 27.
