<?xml version="1.0" encoding="UTF-8"?>
<!DOCTYPE html PUBLIC "-//W3C//DTD XHTML 1.0 Transitional//EN"
    "http://www.w3.org/TR/xhtml1/DTD/xhtml1-transitional.dtd">
<html xmlns="http://www.w3.org/1999/xhtml" xml:lang="en" lang="en">
 <head>
  <title>
</title>
<meta http-equiv="Content-Type" content="text/html;charset=utf-8" />
  <meta name='ocr-system' content='tesseract 3.04.00' />
  <meta name='ocr-capabilities' content='ocr_page ocr_carea ocr_par ocr_line ocrx_word'/>
</head>
<body>
  <div class='ocr_page' id='page_1' title='image "./operaomniaquaegr21orig/operaomniaquaegr21orig_0023.png"; bbox 0 0 1404 2463; ppageno 0'>
   <div class='ocr_carea' id='block_1_1' title="bbox 470 113 1201 150">
    <p class='ocr_par' dir='ltr' id='par_1_1' title="bbox 470 113 1201 150">
     <span class='ocr_line' id='line_1_1' title="bbox 470 113 1201 150; baseline -0.008 0"><span class='ocrx_word' id='word_1_1' title='bbox 470 117 659 150; x_wconf 72' lang='lat' dir='ltr'>Pnotoeus</span> <span class='ocrx_word' id='word_1_2' title='bbox 684 116 820 148; x_wconf 73' lang='lat' dir='ltr'>Rumm.</span> <span class='ocrx_word' id='word_1_3' title='bbox 1181 113 1201 145; x_wconf 64' lang='lat' dir='ltr'>&lt;J</span> 
     </span>
    </p>
   </div>
   <div class='ocr_carea' id='block_1_2' title="bbox 83 204 1209 1299">
    <p class='ocr_par' dir='ltr' id='par_1_2' title="bbox 83 204 1209 1299">
     <span class='ocr_line' id='line_1_2' title="bbox 83 204 1199 249; baseline -0.009 -5"><span class='ocrx_word' id='word_1_4' title='bbox 83 223 163 243; x_wconf 87' lang='lat' dir='ltr'>num</span> <span class='ocrx_word' id='word_1_5' title='bbox 188 212 344 248; x_wconf 77' lang='lat' dir='ltr'>facerent,</span> <span class='ocrx_word' id='word_1_6' title='bbox 369 217 401 240; x_wconf 85' lang='lat' dir='ltr'>et</span> <span class='ocrx_word' id='word_1_7' title='bbox 424 207 531 239; x_wconf 83' lang='lat' dir='ltr'>latinis</span> <span class='ocrx_word' id='word_1_8' title='bbox 556 206 688 238; x_wconf 84' lang='lat' dir='ltr'>auribus</span> <span class='ocrx_word' id='word_1_9' title='bbox 703 205 734 249; x_wconf 85' lang='lat'>¹)</span> <span class='ocrx_word' id='word_1_10' title='bbox 761 217 834 236; x_wconf 86' lang='lat' dir='ltr'>eum</span> <span class='ocrx_word' id='word_1_11' title='bbox 856 204 1027 235; x_wconf 80' lang='lat' dir='ltr'>donarent.</span> <span class='ocrx_word' id='word_1_12' title='bbox 1065 204 1199 244; x_wconf 72' lang='lat' dir='ltr'>Inter&#39;2)</span> 
     </span>
     <span class='ocr_line' id='line_1_3' title="bbox 86 265 1201 316; baseline -0.007 -13"><span class='ocrx_word' id='word_1_13' title='bbox 86 284 168 316; x_wconf 92' lang='lat' dir='ltr'>quos</span> <span class='ocrx_word' id='word_1_14' title='bbox 193 270 291 303; x_wconf 77' lang='lat' dir='ltr'>etiam</span> <span class='ocrx_word' id='word_1_15' title='bbox 318 270 419 302; x_wconf 81' lang='lat' dir='ltr'>frater</span> <span class='ocrx_word' id='word_1_16' title='bbox 439 278 470 300; x_wconf 87' lang='lat' dir='ltr'>et</span> <span class='ocrx_word' id='word_1_17' title='bbox 484 268 610 310; x_wconf 80' lang='lat' dir='ltr'>collega</span> <span class='ocrx_word' id='word_1_18' title='bbox 628 276 752 306; x_wconf 86' lang='lat' dir='ltr'>noster,</span> <span class='ocrx_word' id='word_1_19' title='bbox 778 267 817 298; x_wconf 87' lang='lat' dir='ltr'>ab</span> <span class='ocrx_word' id='word_1_20' title='bbox 833 265 993 309; x_wconf 86' lang='lat' dir='ltr'>episcopo</span> <span class='ocrx_word' id='word_1_21' title='bbox 1008 265 1154 307; x_wconf 77' lang='lat' dir='ltr'>Damaso</span> <span class='ocrx_word' id='word_1_22' title='bbox 1167 265 1201 308; x_wconf 83' lang='lat'>³)</span> 
     </span>
     <span class='ocr_line' id='line_1_4' title="bbox 86 325 1201 377; baseline -0.007 -12"><span class='ocrx_word' id='word_1_23' title='bbox 86 333 293 377; x_wconf 81' lang='lat' dir='ltr'><strong>deprecatus,</strong></span> <span class='ocrx_word' id='word_1_24' title='bbox 319 344 393 363; x_wconf 86' lang='lat' dir='ltr'>cum</span> <span class='ocrx_word' id='word_1_25' title='bbox 418 329 570 361; x_wconf 79' lang='lat' dir='ltr'>homilias</span> <span class='ocrx_word' id='word_1_26' title='bbox 597 329 674 361; x_wconf 83' lang='lat' dir='ltr'>duas</span> <span class='ocrx_word' id='word_1_27' title='bbox 700 328 741 360; x_wconf 90' lang='lat' dir='ltr'>de</span> <span class='ocrx_word' id='word_1_28' title='bbox 766 327 904 361; x_wconf 80' lang='lat' dir='ltr'>Cantico</span> <span class='ocrx_word' id='word_1_29' title='bbox 927 325 1141 360; x_wconf 76' lang='lat' dir='ltr'>canticorum</span> <span class='ocrx_word' id='word_1_30' title='bbox 1167 326 1201 358; x_wconf 88' lang='lat' dir='ltr'>in</span> 
     </span>
     <span class='ocr_line' id='line_1_5' title="bbox 85 388 1202 432; baseline -0.007 -6"><span class='ocrx_word' id='word_1_31' title='bbox 85 394 225 426; x_wconf 82' lang='lat' dir='ltr'>latinum</span> <span class='ocrx_word' id='word_1_32' title='bbox 257 392 473 426; x_wconf 74' lang='lat' dir='ltr'><strong>transtulisset</strong></span> <span class='ocrx_word' id='word_1_33' title='bbox 505 404 541 423; x_wconf 87' lang='lat' dir='ltr'>ex</span> <span class='ocrx_word' id='word_1_34' title='bbox 572 403 710 432; x_wconf 82' lang='lat' dir='ltr'>graeco,</span> <span class='ocrx_word' id='word_1_35' title='bbox 740 390 784 421; x_wconf 83' lang='lat' dir='ltr'>ita</span> <span class='ocrx_word' id='word_1_36' title='bbox 817 389 850 421; x_wconf 89' lang='lat' dir='ltr'>in</span> <span class='ocrx_word' id='word_1_37' title='bbox 875 388 934 420; x_wconf 90' lang='lat' dir='ltr'>illo</span> <span class='ocrx_word' id='word_1_38' title='bbox 960 400 1061 432; x_wconf 90' lang='lat' dir='ltr'>opere</span> <span class='ocrx_word' id='word_1_39' title='bbox 1088 397 1202 419; x_wconf 82' lang='lat' dir='ltr'>ornate</span> 
     </span>
     <span class='ocr_line' id='line_1_6' title="bbox 87 449 1202 499; baseline -0.007 -11"><span class='ocrx_word' id='word_1_40' title='bbox 87 455 323 499; x_wconf 81' lang='lat' dir='ltr'>magnificeque</span> <span class='ocrx_word' id='word_1_41' title='bbox 347 454 513 498; x_wconf 82' lang='lat' dir='ltr'>praefatus</span> <span class='ocrx_word' id='word_1_42' title='bbox 539 462 598 491; x_wconf 89' lang='lat' dir='ltr'>est,</span> <span class='ocrx_word' id='word_1_43' title='bbox 622 461 659 484; x_wconf 86' lang='lat' dir='ltr'>ut</span> <span class='ocrx_word' id='word_1_44' title='bbox 684 451 786 483; x_wconf 87' lang='lat' dir='ltr'>cuivis</span> <span class='ocrx_word' id='word_1_45' title='bbox 812 450 943 492; x_wconf 84' lang='lat' dir='ltr'>legendi</span> <span class='ocrx_word' id='word_1_46' title='bbox 963 449 1144 491; x_wconf 81' lang='lat' dir='ltr'>Origenem</span> <span class='ocrx_word' id='word_1_47' title='bbox 1170 459 1202 481; x_wconf 88' lang='lat' dir='ltr'>et</span> 
     </span>
     <span class='ocr_line' id='line_1_7' title="bbox 86 512 1207 560; baseline -0.005 -10"><span class='ocrx_word' id='word_1_48' title='bbox 86 516 272 550; x_wconf 73' lang='lat' dir='ltr'>avidissime</span> <span class='ocrx_word' id='word_1_49' title='bbox 296 514 512 560; x_wconf 73' lang='lat' dir='ltr'>perquirendi</span> <span class='ocrx_word' id='word_1_50' title='bbox 537 513 738 547; x_wconf 85' lang='lat' dir='ltr'>desiderium</span> <span class='ocrx_word' id='word_1_51' title='bbox 765 521 1004 551; x_wconf 83' lang='lat' dir='ltr'>commoveret,</span> <span class='ocrx_word' id='word_1_52' title='bbox 1029 513 1141 545; x_wconf 86' lang='lat' dir='ltr'>dicens</span> <span class='ocrx_word' id='word_1_53' title='bbox 1165 512 1207 544; x_wconf 88' lang='lat' dir='ltr'>il-</span> 
     </span>
     <span class='ocr_line' id='line_1_8' title="bbox 84 574 1206 620; baseline -0.003 -9"><span class='ocrx_word' id='word_1_54' title='bbox 84 578 147 611; x_wconf 88' lang='lat' dir='ltr'>lius</span> <span class='ocrx_word' id='word_1_55' title='bbox 172 578 297 610; x_wconf 78' lang='lat' dir='ltr'>animae</span> <span class='ocrx_word' id='word_1_56' title='bbox 322 576 498 609; x_wconf 84' lang='lat' dir='ltr'>convenire</span> <span class='ocrx_word' id='word_1_57' title='bbox 525 575 617 620; x_wconf 87' lang='lat' dir='ltr'>quod</span> <span class='ocrx_word' id='word_1_58' title='bbox 641 575 766 607; x_wconf 83' lang='lat' dir='ltr'>dictum</span> <span class='ocrx_word' id='word_1_59' title='bbox 792 583 858 614; x_wconf 82' lang='lat' dir='ltr'>est,</span> <span class='ocrx_word' id='word_1_60' title='bbox 884 574 959 619; x_wconf 80' lang='lat' dir='ltr'>quia</span> <span class='ocrx_word' id='word_1_61' title='bbox 974 574 1006 618; x_wconf 68' lang='grc'>4)</span> <span class='ocrx_word' id='word_1_62' title='bbox 1033 575 1206 608; x_wconf 87' lang='lat' dir='ltr'>»introdu-</span> 
     </span>
     <span class='ocr_line' id='line_1_9' title="bbox 86 633 1203 683; baseline -0.001 -11"><span class='ocrx_word' id='word_1_63' title='bbox 86 639 177 682; x_wconf 78' lang='lat' dir='ltr'>xit5)</span> <span class='ocrx_word' id='word_1_64' title='bbox 202 651 255 671; x_wconf 90' lang='lat' dir='ltr'>me</span> <span class='ocrx_word' id='word_1_65' title='bbox 273 652 327 671; x_wconf 87' lang='lat' dir='ltr'>rex</span> <span class='ocrx_word' id='word_1_66' title='bbox 348 638 382 670; x_wconf 88' lang='lat' dir='ltr'>in</span> <span class='ocrx_word' id='word_1_67' title='bbox 398 633 590 670; x_wconf 72' lang='lat' dir='ltr'>cubiculum</span> <span class='ocrx_word' id='word_1_68' title='bbox 604 650 717 669; x_wconf 88' lang='lat' dir='ltr'>suum:</span> <span class='ocrx_word' id='word_1_69' title='bbox 733 652 749 667; x_wconf 89' lang='lat'>«</span> <span class='ocrx_word' id='word_1_70' title='bbox 779 649 924 669; x_wconf 84' lang='lat' dir='ltr'>asserens</span> <span class='ocrx_word' id='word_1_71' title='bbox 940 638 974 681; x_wconf 81' lang='grc'>6)</span> <span class='ocrx_word' id='word_1_72' title='bbox 1001 649 1087 678; x_wconf 87' lang='lat' dir='ltr'>eum,</span> <span class='ocrx_word' id='word_1_73' title='bbox 1112 641 1203 683; x_wconf 90' lang='lat' dir='ltr'>quod</span> 
     </span>
     <span class='ocr_line' id='line_1_10' title="bbox 87 697 1203 737; baseline -0.001 -3"><span class='ocrx_word' id='word_1_74' title='bbox 87 714 161 734; x_wconf 88' lang='lat' dir='ltr'>cum</span> <span class='ocrx_word' id='word_1_75' title='bbox 183 701 216 733; x_wconf 91' lang='lat' dir='ltr'>in</span> <span class='ocrx_word' id='word_1_76' title='bbox 243 699 360 733; x_wconf 83' lang='lat' dir='ltr'>ceteris</span> <span class='ocrx_word' id='word_1_77' title='bbox 383 699 477 731; x_wconf 86' lang='lat' dir='ltr'>libris</span> <span class='ocrx_word' id='word_1_78' title='bbox 502 711 617 731; x_wconf 88' lang='lat' dir='ltr'>omnes</span> <span class='ocrx_word' id='word_1_79' title='bbox 638 697 753 737; x_wconf 79' lang='lat' dir='ltr'>vincat,</span> <span class='ocrx_word' id='word_1_80' title='bbox 778 698 810 730; x_wconf 88' lang='lat' dir='ltr'>in</span> <span class='ocrx_word' id='word_1_81' title='bbox 830 698 972 731; x_wconf 79' lang='lat' dir='ltr'>Canticis</span> <span class='ocrx_word' id='word_1_82' title='bbox 989 699 1203 733; x_wconf 82' lang='lat' dir='ltr'>Canticorum</span> 
     </span>
     <span class='ocr_line' id='line_1_11' title="bbox 86 760 1205 807; baseline 0.001 -12"><span class='ocrx_word' id='word_1_83' title='bbox 86 763 183 795; x_wconf 84' lang='lat' dir='ltr'>etiam</span> <span class='ocrx_word' id='word_1_84' title='bbox 207 761 278 806; x_wconf 85' lang='lat' dir='ltr'>ipse</span> <span class='ocrx_word' id='word_1_85' title='bbox 302 774 336 795; x_wconf 91' lang='lat' dir='ltr'>se</span> <span class='ocrx_word' id='word_1_86' title='bbox 363 760 488 793; x_wconf 82' lang='lat' dir='ltr'>vicerit.</span> <span class='ocrx_word' id='word_1_87' title='bbox 542 760 728 793; x_wconf 84' lang='lat' dir='ltr'>Pollicetur</span> <span class='ocrx_word' id='word_1_88' title='bbox 762 773 838 792; x_wconf 77' lang='lat' dir='ltr'>sane</span> <span class='ocrx_word' id='word_1_89' title='bbox 869 760 901 792; x_wconf 86' lang='lat' dir='ltr'>in</span> <span class='ocrx_word' id='word_1_90' title='bbox 933 761 1004 805; x_wconf 72' lang='lat' dir='ltr'>ipsa</span> <span class='ocrx_word' id='word_1_91' title='bbox 1020 761 1052 806; x_wconf 79' lang='grc'>7)</span> <span class='ocrx_word' id='word_1_92' title='bbox 1077 764 1205 807; x_wconf 79' lang='lat' dir='ltr'>praesa-</span> 
     </span>
     <span class='ocr_line' id='line_1_12' title="bbox 83 821 1205 867; baseline 0.002 -11"><span class='ocrx_word' id='word_1_93' title='bbox 83 823 184 864; x_wconf 80' lang='lat' dir='ltr'>tione,</span> <span class='ocrx_word' id='word_1_94' title='bbox 211 836 246 856; x_wconf 89' lang='lat' dir='ltr'>se</span> <span class='ocrx_word' id='word_1_95' title='bbox 270 832 303 856; x_wconf 88' lang='lat' dir='ltr'>et</span> <span class='ocrx_word' id='word_1_96' title='bbox 325 823 416 867; x_wconf 88' lang='lat' dir='ltr'>ipsos</span> <span class='ocrx_word' id='word_1_97' title='bbox 436 822 469 854; x_wconf 85' lang='lat' dir='ltr'>in</span> <span class='ocrx_word' id='word_1_98' title='bbox 488 822 669 865; x_wconf 66' lang='lat' dir='ltr'>Canticass)</span> <span class='ocrx_word' id='word_1_99' title='bbox 695 821 914 854; x_wconf 79' lang='lat' dir='ltr'>canticorum</span> <span class='ocrx_word' id='word_1_100' title='bbox 929 823 1043 864; x_wconf 89' lang='lat' dir='ltr'>libros,</span> <span class='ocrx_word' id='word_1_101' title='bbox 1070 834 1100 857; x_wconf 88' lang='lat' dir='ltr'>et</span> <span class='ocrx_word' id='word_1_102' title='bbox 1123 826 1205 858; x_wconf 77' lang='lat' dir='ltr'>alios</span> 
     </span>
     <span class='ocr_line' id='line_1_13' title="bbox 86 883 1205 930; baseline 0 -12"><span class='ocrx_word' id='word_1_103' title='bbox 86 885 349 930; x_wconf 81' lang='lat' dir='ltr'>quamplurimos</span> <span class='ocrx_word' id='word_1_104' title='bbox 376 883 528 926; x_wconf 85' lang='lat' dir='ltr'>Origenis</span> <span class='ocrx_word' id='word_1_105' title='bbox 552 883 714 916; x_wconf 81' lang='lat' dir='ltr'>Romanis</span> <span class='ocrx_word' id='word_1_106' title='bbox 739 885 872 916; x_wconf 78' lang='lat' dir='ltr'>auribus</span> <span class='ocrx_word' id='word_1_107' title='bbox 897 885 1103 927; x_wconf 76' lang='lat' dir='ltr'>largiturum.</span> <span class='ocrx_word' id='word_1_108' title='bbox 1137 888 1205 920; x_wconf 85' lang='lat' dir='ltr'>Sed</span> 
     </span>
     <span class='ocr_line' id='line_1_14' title="bbox 86 945 1205 994; baseline 0 -15"><span class='ocrx_word' id='word_1_109' title='bbox 86 946 157 987; x_wconf 79' lang='lat' dir='ltr'>ille,</span> <span class='ocrx_word' id='word_1_110' title='bbox 181 956 220 979; x_wconf 87' lang='lat' dir='ltr'>ut</span> <span class='ocrx_word' id='word_1_111' title='bbox 243 946 354 988; x_wconf 83' lang='lat' dir='ltr'>video,</span> <span class='ocrx_word' id='word_1_112' title='bbox 379 946 413 978; x_wconf 86' lang='lat' dir='ltr'>in</span> <span class='ocrx_word' id='word_1_113' title='bbox 433 945 520 991; x_wconf 85' lang='lat' dir='ltr'>stylo</span> <span class='ocrx_word' id='word_1_114' title='bbox 545 945 686 990; x_wconf 83' lang='lat' dir='ltr'>proprio</span> <span class='ocrx_word' id='word_1_115' title='bbox 711 945 857 990; x_wconf 82' lang='lat' dir='ltr'>placens,</span> <span class='ocrx_word' id='word_1_116' title='bbox 881 959 952 978; x_wconf 85' lang='lat' dir='ltr'>rem</span> <span class='ocrx_word' id='word_1_117' title='bbox 976 947 1110 994; x_wconf 84' lang='lat' dir='ltr'>majoris</span> <span class='ocrx_word' id='word_1_118' title='bbox 1135 950 1205 991; x_wconf 84' lang='lat' dir='ltr'>glo-</span> 
     </span>
     <span class='ocr_line' id='line_1_15' title="bbox 85 1006 1206 1055; baseline 0.003 -14"><span class='ocrx_word' id='word_1_119' title='bbox 85 1007 152 1041; x_wconf 80' lang='lat' dir='ltr'>riae</span> <span class='ocrx_word' id='word_1_120' title='bbox 178 1008 344 1053; x_wconf 76' lang='lat' dir='ltr'>sequitur,</span> <span class='ocrx_word' id='word_1_121' title='bbox 376 1016 412 1039; x_wconf 89' lang='lat' dir='ltr'>ut</span> <span class='ocrx_word' id='word_1_122' title='bbox 435 1017 530 1052; x_wconf 83' lang='lat' dir='ltr'>pater</span> <span class='ocrx_word' id='word_1_123' title='bbox 561 1006 655 1039; x_wconf 88' lang='lat' dir='ltr'>verbi</span> <span class='ocrx_word' id='word_1_124' title='bbox 683 1007 725 1039; x_wconf 85' lang='lat' dir='ltr'>sit</span> <span class='ocrx_word' id='word_1_125' title='bbox 754 1007 867 1051; x_wconf 86' lang='lat' dir='ltr'>potius</span> <span class='ocrx_word' id='word_1_126' title='bbox 900 1021 1000 1053; x_wconf 84' lang='lat' dir='ltr'>quam</span> <span class='ocrx_word' id='word_1_127' title='bbox 1032 1009 1206 1055; x_wconf 80' lang='lat' dir='ltr'>interpres.</span> 
     </span>
     <span class='ocr_line' id='line_1_16' title="bbox 86 1068 1207 1117; baseline 0.002 -14"><span class='ocrx_word' id='word_1_128' title='bbox 86 1072 156 1103; x_wconf 84' lang='lat' dir='ltr'>Nos</span> <span class='ocrx_word' id='word_1_129' title='bbox 180 1083 258 1112; x_wconf 85' lang='lat' dir='ltr'>ergo</span> <span class='ocrx_word' id='word_1_130' title='bbox 290 1082 361 1102; x_wconf 84' lang='lat' dir='ltr'>rem</span> <span class='ocrx_word' id='word_1_131' title='bbox 386 1070 426 1101; x_wconf 77' lang='lat' dir='ltr'>ab</span> <span class='ocrx_word' id='word_1_132' title='bbox 451 1069 511 1101; x_wconf 87' lang='lat' dir='ltr'>illo</span> <span class='ocrx_word' id='word_1_133' title='bbox 538 1068 673 1113; x_wconf 85' lang='lat' dir='ltr'>quidem</span> <span class='ocrx_word' id='word_1_134' title='bbox 698 1078 851 1112; x_wconf 78' lang='lat' dir='ltr'>coeptam</span> <span class='ocrx_word' id='word_1_135' title='bbox 877 1070 1048 1114; x_wconf 84' lang='lat' dir='ltr'>sequimur</span> <span class='ocrx_word' id='word_1_136' title='bbox 1071 1082 1104 1105; x_wconf 87' lang='lat' dir='ltr'>et</span> <span class='ocrx_word' id='word_1_137' title='bbox 1126 1086 1207 1117; x_wconf 90' lang='lat' dir='ltr'>pro-</span> 
     </span>
     <span class='ocr_line' id='line_1_17' title="bbox 85 1130 1209 1174; baseline 0.001 -10"><span class='ocrx_word' id='word_1_138' title='bbox 85 1133 214 1172; x_wconf 77' lang='lat' dir='ltr'>batam,</span> <span class='ocrx_word' id='word_1_139' title='bbox 247 1132 304 1164; x_wconf 83' lang='lat' dir='ltr'>sed</span> <span class='ocrx_word' id='word_1_140' title='bbox 333 1144 401 1163; x_wconf 89' lang='lat' dir='ltr'>non</span> <span class='ocrx_word' id='word_1_141' title='bbox 432 1130 543 1174; x_wconf 80' lang='lat' dir='ltr'>aequis</span> <span class='ocrx_word' id='word_1_142' title='bbox 578 1130 790 1174; x_wconf 77' lang='lat' dir='ltr'>eloquentiae</span> <span class='ocrx_word' id='word_1_143' title='bbox 815 1130 938 1163; x_wconf 87' lang='lat' dir='ltr'>viribus</span> <span class='ocrx_word' id='word_1_144' title='bbox 962 1133 1044 1165; x_wconf 84' lang='lat' dir='ltr'>tanti</span> <span class='ocrx_word' id='word_1_145' title='bbox 1070 1134 1131 1166; x_wconf 85' lang='lat' dir='ltr'>viri</span> <span class='ocrx_word' id='word_1_146' title='bbox 1155 1148 1209 1167; x_wconf 88' lang='lat' dir='ltr'>or-</span> 
     </span>
     <span class='ocr_line' id='line_1_18' title="bbox 86 1192 1207 1240; baseline -0.001 -15"><span class='ocrx_word' id='word_1_147' title='bbox 86 1206 164 1225; x_wconf 81' lang='lat' dir='ltr'>nare</span> <span class='ocrx_word' id='word_1_148' title='bbox 189 1206 364 1238; x_wconf 86' lang='lat' dir='ltr'>possumus</span> <span class='ocrx_word' id='word_1_149' title='bbox 390 1192 495 1224; x_wconf 82' lang='lat' dir='ltr'>dicta:</span> <span class='ocrx_word' id='word_1_150' title='bbox 521 1192 609 1223; x_wconf 86' lang='lat' dir='ltr'>unde</span> <span class='ocrx_word' id='word_1_151' title='bbox 635 1194 753 1224; x_wconf 86' lang='lat' dir='ltr'>vereor</span> <span class='ocrx_word' id='word_1_152' title='bbox 777 1206 817 1224; x_wconf 89' lang='lat' dir='ltr'>ne</span> <span class='ocrx_word' id='word_1_153' title='bbox 838 1193 918 1225; x_wconf 87' lang='lat' dir='ltr'>vitio</span> <span class='ocrx_word' id='word_1_154' title='bbox 943 1207 1020 1226; x_wconf 91' lang='lat' dir='ltr'>meo</span> <span class='ocrx_word' id='word_1_155' title='bbox 1045 1195 1079 1227; x_wconf 89' lang='lat' dir='ltr'>id</span> <span class='ocrx_word' id='word_1_156' title='bbox 1095 1196 1128 1240; x_wconf 77' lang='lat'>⁹)</span> <span class='ocrx_word' id='word_1_157' title='bbox 1154 1210 1207 1230; x_wconf 74' lang='lat' dir='ltr'>ac-</span> 
     </span>
     <span class='ocr_line' id='line_1_19' title="bbox 89 1253 1209 1299; baseline 0.003 -12"><span class='ocrx_word' id='word_1_158' title='bbox 89 1255 188 1296; x_wconf 77' lang='lat' dir='ltr'>cidat,</span> <span class='ocrx_word' id='word_1_159' title='bbox 212 1264 250 1287; x_wconf 93' lang='lat' dir='ltr'>ut</span> <span class='ocrx_word' id='word_1_160' title='bbox 273 1254 299 1286; x_wconf 86' lang='lat' dir='ltr'>is</span> <span class='ocrx_word' id='word_1_161' title='bbox 323 1254 390 1293; x_wconf 74' lang='lat' dir='ltr'>vir,</span> <span class='ocrx_word' id='word_1_162' title='bbox 425 1265 523 1296; x_wconf 86' lang='lat' dir='ltr'>quem</span> <span class='ocrx_word' id='word_1_163' title='bbox 555 1253 613 1284; x_wconf 82' lang='lat' dir='ltr'>ille</span> <span class='ocrx_word' id='word_1_164' title='bbox 638 1253 781 1285; x_wconf 84' lang='lat' dir='ltr'>alterum</span> <span class='ocrx_word' id='word_1_165' title='bbox 805 1263 882 1298; x_wconf 84' lang='lat' dir='ltr'>post</span> <span class='ocrx_word' id='word_1_166' title='bbox 905 1256 1077 1299; x_wconf 79' lang='lat' dir='ltr'>apostolos</span> <span class='ocrx_word' id='word_1_167' title='bbox 1103 1259 1209 1290; x_wconf 85' lang='lat' dir='ltr'>eccle-</span> 
     </span>
    </p>
   </div>
   <div class='ocr_carea' id='block_1_3' title="bbox 87 1314 1209 1364">
    <p class='ocr_par' dir='ltr' id='par_1_3' title="bbox 87 1314 1209 1364">
     <span class='ocr_line' id='line_1_20' title="bbox 87 1314 1209 1364; baseline 0.004 -15"><span class='ocrx_word' id='word_1_168' title='bbox 87 1316 153 1350; x_wconf 82' lang='lat' dir='ltr'>siae</span> <span class='ocrx_word' id='word_1_169' title='bbox 194 1317 369 1348; x_wconf 89' lang='lat' dir='ltr'>doctorem</span> <span class='ocrx_word' id='word_1_170' title='bbox 404 1314 559 1347; x_wconf 77' lang='lat' dir='ltr'>scientiae</span> <span class='ocrx_word' id='word_1_171' title='bbox 604 1327 641 1346; x_wconf 82' lang='lat' dir='ltr'>ac</span> <span class='ocrx_word' id='word_1_172' title='bbox 680 1315 859 1359; x_wconf 78' lang='lat' dir='ltr'>sapientiae</span> <span class='ocrx_word' id='word_1_173' title='bbox 895 1317 1015 1349; x_wconf 86' lang='lat' dir='ltr'>merito</span> <span class='ocrx_word' id='word_1_174' title='bbox 1053 1332 1209 1364; x_wconf 87' lang='lat' dir='ltr'>compro-</span> 
     </span>
    </p>
   </div>
   <div class='ocr_carea' id='block_1_4' title="bbox 184 1421 1134 1466">
    <p class='ocr_par' dir='ltr' id='par_1_4' title="bbox 184 1421 1134 1466">
     <span class='ocr_line' id='line_1_21' title="bbox 184 1421 1134 1466; baseline 0.003 -12"><span class='ocrx_word' id='word_1_175' title='bbox 184 1422 215 1466; x_wconf 90' lang='lat'>¹)</span> <span class='ocrx_word' id='word_1_176' title='bbox 240 1422 302 1454; x_wconf 87' lang='lat' dir='ltr'>Ed.</span> <span class='ocrx_word' id='word_1_177' title='bbox 328 1422 374 1454; x_wconf 89' lang='lat' dir='ltr'>M.</span> <span class='ocrx_word' id='word_1_178' title='bbox 400 1422 445 1454; x_wconf 91' lang='lat' dir='ltr'>ll.</span> <span class='ocrx_word' id='word_1_179' title='bbox 475 1421 627 1453; x_wconf 80' lang='lat' dir='ltr'>»auribus</span> <span class='ocrx_word' id='word_1_180' title='bbox 652 1423 889 1455; x_wconf 79' lang='lat' dir='ltr'>condonarent.</span> <span class='ocrx_word' id='word_1_181' title='bbox 938 1424 1046 1456; x_wconf 84' lang='lat' dir='ltr'>Inter«</span> <span class='ocrx_word' id='word_1_182' title='bbox 1075 1436 1134 1459; x_wconf 87' lang='lat' dir='ltr'>etc.</span> 
     </span>
    </p>
   </div>
   <div class='ocr_carea' id='block_1_5' title="bbox 88 1476 1212 1926">
    <p class='ocr_par' dir='ltr' id='par_1_5' title="bbox 88 1476 1212 1926">
     <span class='ocr_line' id='line_1_22' title="bbox 181 1476 1209 1523; baseline 0.006 -12"><span class='ocrx_word' id='word_1_183' title='bbox 181 1479 215 1522; x_wconf 82' lang='lat'>²)</span> <span class='ocrx_word' id='word_1_184' title='bbox 241 1478 297 1512; x_wconf 81' lang='lat' dir='ltr'>Sic</span> <span class='ocrx_word' id='word_1_185' title='bbox 329 1490 444 1510; x_wconf 87' lang='lat' dir='ltr'>omnes</span> <span class='ocrx_word' id='word_1_186' title='bbox 475 1476 585 1510; x_wconf 88' lang='lat' dir='ltr'><strong>Codd.</strong></span> <span class='ocrx_word' id='word_1_187' title='bbox 615 1477 694 1510; x_wconf 87' lang='lat' dir='ltr'>Mss.</span> <span class='ocrx_word' id='word_1_188' title='bbox 720 1487 852 1522; x_wconf 81' lang='lat' dir='ltr'>praeter</span> <span class='ocrx_word' id='word_1_189' title='bbox 875 1479 1127 1523; x_wconf 79' lang='lat' dir='ltr'>Remigianum,</span> <span class='ocrx_word' id='word_1_190' title='bbox 1151 1485 1209 1517; x_wconf 87' lang='lat' dir='ltr'>ubi</span> 
     </span>
     <span class='ocr_line' id='line_1_23' title="bbox 88 1523 1211 1571; baseline 0.005 -15"><span class='ocrx_word' id='word_1_191' title='bbox 88 1523 227 1565; x_wconf 87' lang='lat' dir='ltr'>legitur:</span> <span class='ocrx_word' id='word_1_192' title='bbox 261 1524 324 1555; x_wconf 88' lang='lat' dir='ltr'>»ln</span> <span class='ocrx_word' id='word_1_193' title='bbox 358 1536 452 1567; x_wconf 91' lang='lat' dir='ltr'>quo«</span> <span class='ocrx_word' id='word_1_194' title='bbox 486 1531 569 1563; x_wconf 86' lang='lat' dir='ltr'>etc.;</span> <span class='ocrx_word' id='word_1_195' title='bbox 600 1535 700 1567; x_wconf 82' lang='lat' dir='ltr'>quam</span> <span class='ocrx_word' id='word_1_196' title='bbox 728 1523 906 1557; x_wconf 86' lang='lat' dir='ltr'>lectionem</span> <span class='ocrx_word' id='word_1_197' title='bbox 939 1527 1090 1571; x_wconf 83' lang='lat' dir='ltr'>sequitur</span> <span class='ocrx_word' id='word_1_198' title='bbox 1113 1529 1211 1562; x_wconf 78' lang='lat' dir='ltr'>etiam</span> 
     </span>
     <span class='ocr_line' id='line_1_24' title="bbox 89 1568 1211 1611; baseline 0.004 -9"><span class='ocrx_word' id='word_1_199' title='bbox 89 1568 323 1603; x_wconf 68' lang='lat' dir='ltr'>Martianaeus.</span> <span class='ocrx_word' id='word_1_200' title='bbox 376 1569 558 1611; x_wconf 76' lang='lat' dir='ltr'>Per-peram</span> <span class='ocrx_word' id='word_1_201' title='bbox 596 1581 675 1600; x_wconf 89' lang='lat' dir='ltr'>vero</span> <span class='ocrx_word' id='word_1_202' title='bbox 713 1568 849 1601; x_wconf 85' lang='lat' dir='ltr'>Merlin.</span> <span class='ocrx_word' id='word_1_203' title='bbox 890 1580 922 1603; x_wconf 86' lang='lat' dir='ltr'>et</span> <span class='ocrx_word' id='word_1_204' title='bbox 957 1571 1211 1607; x_wconf 80' lang='lat' dir='ltr'>Genebrardus:</span> 
     </span>
     <span class='ocr_line' id='line_1_25' title="bbox 93 1613 1209 1660; baseline 0.006 -16"><span class='ocrx_word' id='word_1_205' title='bbox 93 1616 204 1647; x_wconf 85' lang='lat' dir='ltr'>»Inter</span> <span class='ocrx_word' id='word_1_206' title='bbox 228 1627 311 1659; x_wconf 87' lang='lat' dir='ltr'>quos</span> <span class='ocrx_word' id='word_1_207' title='bbox 336 1613 435 1646; x_wconf 85' lang='lat' dir='ltr'>etiam</span> <span class='ocrx_word' id='word_1_208' title='bbox 460 1613 563 1645; x_wconf 73' lang='lat' dir='ltr'>frater</span> <span class='ocrx_word' id='word_1_209' title='bbox 576 1613 809 1658; x_wconf 81' lang='lat' dir='ltr'>Hieronymus,</span> <span class='ocrx_word' id='word_1_210' title='bbox 833 1615 891 1647; x_wconf 81' lang='lat' dir='ltr'>sed</span> <span class='ocrx_word' id='word_1_211' title='bbox 917 1627 948 1649; x_wconf 89' lang='lat' dir='ltr'>et</span> <span class='ocrx_word' id='word_1_212' title='bbox 973 1618 1120 1660; x_wconf 81' lang='lat' dir='ltr'>collega«</span> <span class='ocrx_word' id='word_1_213' title='bbox 1147 1629 1209 1655; x_wconf 80' lang='lat' dir='ltr'>etc,</span> 
     </span>
     <span class='ocr_line' id='line_1_26' title="bbox 91 1658 1211 1703; baseline 0.005 -11"><span class='ocrx_word' id='word_1_214' title='bbox 91 1659 256 1692; x_wconf 79' lang='lat' dir='ltr'>Tacuerat</span> <span class='ocrx_word' id='word_1_215' title='bbox 287 1658 376 1691; x_wconf 89' lang='lat' dir='ltr'>enim</span> <span class='ocrx_word' id='word_1_216' title='bbox 406 1658 547 1690; x_wconf 84' lang='lat' dir='ltr'>Rufinus</span> <span class='ocrx_word' id='word_1_217' title='bbox 577 1658 776 1703; x_wconf 78' lang='lat' dir='ltr'>Hieronymi</span> <span class='ocrx_word' id='word_1_218' title='bbox 806 1672 947 1701; x_wconf 88' lang='lat' dir='ltr'>nomen,</span> <span class='ocrx_word' id='word_1_219' title='bbox 984 1671 1020 1694; x_wconf 92' lang='lat' dir='ltr'>ut</span> <span class='ocrx_word' id='word_1_220' title='bbox 1050 1673 1211 1698; x_wconf 80' lang='lat' dir='ltr'>testantur</span> 
     </span>
     <span class='ocr_line' id='line_1_27' title="bbox 92 1703 1211 1756; baseline 0.001 -20"><span class='ocrx_word' id='word_1_221' title='bbox 92 1704 324 1737; x_wconf 77' lang='lat' dir='ltr'>Pammachius</span> <span class='ocrx_word' id='word_1_222' title='bbox 349 1712 380 1736; x_wconf 87' lang='lat' dir='ltr'>et</span> <span class='ocrx_word' id='word_1_223' title='bbox 405 1703 558 1736; x_wconf 83' lang='lat' dir='ltr'>Oceanus</span> <span class='ocrx_word' id='word_1_224' title='bbox 583 1703 676 1747; x_wconf 86' lang='lat' dir='ltr'>epist.</span> <span class='ocrx_word' id='word_1_225' title='bbox 694 1703 765 1743; x_wconf 81' lang='grc' dir='ltr'>4Ο.,</span> <span class='ocrx_word' id='word_1_226' title='bbox 790 1704 869 1737; x_wconf 79' lang='lat' dir='ltr'>alias</span> <span class='ocrx_word' id='word_1_227' title='bbox 886 1706 957 1745; x_wconf 84' lang='grc'>64.,</span> <span class='ocrx_word' id='word_1_228' title='bbox 981 1709 1021 1741; x_wconf 74' lang='lat' dir='ltr'>ad</span> <span class='ocrx_word' id='word_1_229' title='bbox 1046 1708 1211 1756; x_wconf 75' lang='lat' dir='ltr'>Hierony-</span> 
     </span>
     <span class='ocr_line' id='line_1_28' title="bbox 91 1747 1212 1797; baseline 0.011 -20"><span class='ocrx_word' id='word_1_230' title='bbox 91 1763 200 1782; x_wconf 79' lang='lat' dir='ltr'>mum:</span> <span class='ocrx_word' id='word_1_231' title='bbox 229 1750 335 1783; x_wconf 78' lang='lat' dir='ltr'>»Sane</span> <span class='ocrx_word' id='word_1_232' title='bbox 359 1747 536 1788; x_wconf 82' lang='lat' dir='ltr'>subtiliter,</span> <span class='ocrx_word' id='word_1_233' title='bbox 560 1747 725 1793; x_wconf 81' lang='lat' dir='ltr'>inquiunt,</span> <span class='ocrx_word' id='word_1_234' title='bbox 750 1748 783 1781; x_wconf 92' lang='lat' dir='ltr'>in</span> <span class='ocrx_word' id='word_1_235' title='bbox 796 1752 1005 1793; x_wconf 77' lang='lat' dir='ltr'>praefatione</span> <span class='ocrx_word' id='word_1_236' title='bbox 1028 1755 1140 1797; x_wconf 87' lang='lat' dir='ltr'>operis</span> <span class='ocrx_word' id='word_1_237' title='bbox 1162 1757 1212 1789; x_wconf 86' lang='lat' dir='ltr'>sui</span> 
     </span>
     <span class='ocr_line' id='line_1_29' title="bbox 91 1793 1210 1842; baseline 0.001 -15"><span class='ocrx_word' id='word_1_238' title='bbox 91 1794 297 1827; x_wconf 85' lang='lat' dir='ltr'>mentionem</span> <span class='ocrx_word' id='word_1_239' title='bbox 321 1793 423 1827; x_wconf 74' lang='lat' dir='ltr'>tacito</span> <span class='ocrx_word' id='word_1_240' title='bbox 447 1793 584 1826; x_wconf 84' lang='lat' dir='ltr'>nomine</span> <span class='ocrx_word' id='word_1_241' title='bbox 607 1803 682 1830; x_wconf 82' lang='lat' dir='ltr'>tuae</span> <span class='ocrx_word' id='word_1_242' title='bbox 699 1795 880 1836; x_wconf 83' lang='lat' dir='ltr'>sanctitatis</span> <span class='ocrx_word' id='word_1_243' title='bbox 904 1798 1094 1842; x_wconf 85' lang='lat' dir='ltr'>expressit.«</span> <span class='ocrx_word' id='word_1_244' title='bbox 1115 1801 1156 1835; x_wconf 77' lang='lat' dir='ltr'>R,</span> <span class='ocrx_word' id='word_1_245' title='bbox 1170 1821 1210 1828; x_wconf 76' lang='grc'><strong>-</strong></span> 
     </span>
     <span class='ocr_line' id='line_1_30' title="bbox 93 1839 1210 1891; baseline 0.012 -24"><span class='ocrx_word' id='word_1_246' title='bbox 93 1840 181 1873; x_wconf 73' lang='grc' dir='ltr'>Εάᾶ,</span> <span class='ocrx_word' id='word_1_247' title='bbox 204 1839 359 1872; x_wconf 78' lang='lat' dir='ltr'>Merlini:</span> <span class='ocrx_word' id='word_1_248' title='bbox 394 1839 506 1871; x_wconf 87' lang='lat' dir='ltr'>»Inter</span> <span class='ocrx_word' id='word_1_249' title='bbox 531 1852 613 1883; x_wconf 87' lang='lat' dir='ltr'>quos</span> <span class='ocrx_word' id='word_1_250' title='bbox 639 1839 738 1871; x_wconf 81' lang='lat' dir='ltr'>etiam</span> <span class='ocrx_word' id='word_1_251' title='bbox 764 1840 866 1873; x_wconf 80' lang='lat' dir='ltr'>frater</span> <span class='ocrx_word' id='word_1_252' title='bbox 890 1842 1126 1891; x_wconf 80' lang='lat' dir='ltr'>Hieronymus,</span> <span class='ocrx_word' id='word_1_253' title='bbox 1150 1848 1210 1880; x_wconf 89' lang='lat' dir='ltr'>sci-</span> 
     </span>
     <span class='ocr_line' id='line_1_31' title="bbox 93 1884 429 1926; baseline -0.006 -9"><span class='ocrx_word' id='word_1_254' title='bbox 93 1884 173 1917; x_wconf 82' lang='lat' dir='ltr'>licet</span> <span class='ocrx_word' id='word_1_255' title='bbox 197 1885 341 1926; x_wconf 76' lang='lat' dir='ltr'>collega«</span> <span class='ocrx_word' id='word_1_256' title='bbox 368 1892 429 1916; x_wconf 83' lang='lat' dir='ltr'>etc.</span> 
     </span>
    </p>
   </div>
   <div class='ocr_carea' id='block_1_6' title="bbox 185 1940 689 1983">
    <p class='ocr_par' dir='ltr' id='par_1_6' title="bbox 185 1940 689 1983">
     <span class='ocr_line' id='line_1_32' title="bbox 185 1940 689 1983; baseline -0.002 -11"><span class='ocrx_word' id='word_1_257' title='bbox 185 1940 219 1983; x_wconf 82' lang='lat'>³)</span> <span class='ocrx_word' id='word_1_258' title='bbox 243 1940 304 1972; x_wconf 90' lang='lat' dir='ltr'>Ed.</span> <span class='ocrx_word' id='word_1_259' title='bbox 328 1940 377 1972; x_wconf 89' lang='lat' dir='ltr'>M.</span> <span class='ocrx_word' id='word_1_260' title='bbox 402 1940 445 1972; x_wconf 86' lang='lat' dir='ltr'>Il.</span> <span class='ocrx_word' id='word_1_261' title='bbox 472 1940 689 1974; x_wconf 76' lang='lat' dir='ltr'>»Damasco.«</span> 
     </span>
    </p>
   </div>
   <div class='ocr_carea' id='block_1_7' title="bbox 99 1995 1213 2087">
    <p class='ocr_par' dir='ltr' id='par_1_7' title="bbox 99 1995 1213 2087">
     <span class='ocr_line' id='line_1_33' title="bbox 190 1995 1213 2040; baseline 0.011 -14"><span class='ocrx_word' id='word_1_262' title='bbox 190 1995 222 2040; x_wconf 74' lang='lat'>⁴)</span> <span class='ocrx_word' id='word_1_263' title='bbox 247 1996 320 2027; x_wconf 86' lang='lat' dir='ltr'>Vox</span> <span class='ocrx_word' id='word_1_264' title='bbox 357 1995 474 2040; x_wconf 82' lang='lat' dir='ltr'>»quia«</span> <span class='ocrx_word' id='word_1_265' title='bbox 509 1997 602 2029; x_wconf 87' lang='lat' dir='ltr'>deest</span> <span class='ocrx_word' id='word_1_266' title='bbox 633 1997 668 2029; x_wconf 86' lang='lat' dir='ltr'>in</span> <span class='ocrx_word' id='word_1_267' title='bbox 702 1998 856 2031; x_wconf 82' lang='lat' dir='ltr'>omnibus</span> <span class='ocrx_word' id='word_1_268' title='bbox 881 2000 973 2032; x_wconf 83' lang='lat' dir='ltr'>libris</span> <span class='ocrx_word' id='word_1_269' title='bbox 999 2011 1092 2035; x_wconf 77' lang='lat' dir='ltr'>antea</span> <span class='ocrx_word' id='word_1_270' title='bbox 1118 2004 1213 2037; x_wconf 89' lang='lat' dir='ltr'>editis</span> 
     </span>
     <span class='ocr_line' id='line_1_34' title="bbox 99 2041 1196 2087; baseline 0.008 -13"><span class='ocrx_word' id='word_1_271' title='bbox 99 2042 145 2087; x_wconf 83' lang='lat' dir='ltr'>(v.</span> <span class='ocrx_word' id='word_1_272' title='bbox 172 2054 200 2074; x_wconf 82' lang='lat' dir='ltr'>e.</span> <span class='ocrx_word' id='word_1_273' title='bbox 225 2041 301 2073; x_wconf 83' lang='lat' dir='ltr'>edd.</span> <span class='ocrx_word' id='word_1_274' title='bbox 328 2041 406 2084; x_wconf 81' lang='lat' dir='ltr'><strong>NL),</strong></span> <span class='ocrx_word' id='word_1_275' title='bbox 432 2041 580 2085; x_wconf 81' lang='lat' dir='ltr'>quamvis</span> <span class='ocrx_word' id='word_1_276' title='bbox 604 2042 790 2086; x_wconf 84' lang='lat' dir='ltr'>reperiatur</span> <span class='ocrx_word' id='word_1_277' title='bbox 813 2044 845 2076; x_wconf 88' lang='lat' dir='ltr'>in</span> <span class='ocrx_word' id='word_1_278' title='bbox 872 2045 1025 2079; x_wconf 86' lang='lat' dir='ltr'>omnibus</span> <span class='ocrx_word' id='word_1_279' title='bbox 1052 2048 1130 2082; x_wconf 86' lang='lat' dir='ltr'>Mss.</span> <span class='ocrx_word' id='word_1_280' title='bbox 1156 2050 1196 2082; x_wconf 85' lang='lat' dir='ltr'>R.</span> 
     </span>
    </p>
   </div>
   <div class='ocr_carea' id='block_1_8' title="bbox 189 2095 635 2141">
    <p class='ocr_par' dir='ltr' id='par_1_8' title="bbox 189 2095 635 2141">
     <span class='ocr_line' id='line_1_35' title="bbox 189 2095 635 2141; baseline 0.002 -11"><span class='ocrx_word' id='word_1_281' title='bbox 189 2097 222 2141; x_wconf 86' lang='lat'>⁵)</span> <span class='ocrx_word' id='word_1_282' title='bbox 248 2096 373 2130; x_wconf 86' lang='lat' dir='ltr'>Cantic.</span> <span class='ocrx_word' id='word_1_283' title='bbox 401 2095 527 2129; x_wconf 81' lang='lat' dir='ltr'>Cantic.</span> <span class='ocrx_word' id='word_1_284' title='bbox 552 2097 579 2137; x_wconf 90' lang='grc' dir='ltr'>Ι,</span> <span class='ocrx_word' id='word_1_285' title='bbox 603 2097 635 2131; x_wconf 84' lang='grc'>4.</span> 
     </span>
    </p>
   </div>
   <div class='ocr_carea' id='block_1_9' title="bbox 99 2152 1216 2242">
    <p class='ocr_par' dir='ltr' id='par_1_9' title="bbox 99 2152 1216 2242">
     <span class='ocr_line' id='line_1_36' title="bbox 190 2152 1216 2200; baseline 0.012 -17"><span class='ocrx_word' id='word_1_286' title='bbox 190 2153 224 2198; x_wconf 76' lang='lat'>⁶)</span> <span class='ocrx_word' id='word_1_287' title='bbox 249 2152 306 2186; x_wconf 91' lang='lat' dir='ltr'>Sic</span> <span class='ocrx_word' id='word_1_288' title='bbox 331 2166 446 2200; x_wconf 85' lang='lat' dir='ltr'>omnes</span> <span class='ocrx_word' id='word_1_289' title='bbox 471 2153 549 2185; x_wconf 84' lang='lat' dir='ltr'>Mss.</span> <span class='ocrx_word' id='word_1_290' title='bbox 582 2162 614 2186; x_wconf 89' lang='lat' dir='ltr'>et</span> <span class='ocrx_word' id='word_1_291' title='bbox 644 2155 875 2190; x_wconf 81' lang='lat' dir='ltr'>Martianaeus.</span> <span class='ocrx_word' id='word_1_292' title='bbox 900 2158 1024 2191; x_wconf 83' lang='lat' dir='ltr'>Merlin</span> <span class='ocrx_word' id='word_1_293' title='bbox 1051 2171 1083 2193; x_wconf 85' lang='lat' dir='ltr'>et</span> <span class='ocrx_word' id='word_1_294' title='bbox 1106 2163 1216 2196; x_wconf 80' lang='lat' dir='ltr'>Gene—</span> 
     </span>
     <span class='ocr_line' id='line_1_37' title="bbox 99 2198 1214 2242; baseline 0.008 -11"><span class='ocrx_word' id='word_1_295' title='bbox 99 2198 209 2232; x_wconf 85' lang='lat' dir='ltr'>brard.</span> <span class='ocrx_word' id='word_1_296' title='bbox 239 2210 403 2231; x_wconf 80' lang='lat' dir='ltr'>»asserens</span> <span class='ocrx_word' id='word_1_297' title='bbox 429 2198 520 2242; x_wconf 87' lang='lat' dir='ltr'>quod</span> <span class='ocrx_word' id='word_1_298' title='bbox 546 2211 621 2231; x_wconf 87' lang='lat' dir='ltr'>cum</span> <span class='ocrx_word' id='word_1_299' title='bbox 646 2216 686 2222; x_wconf 87' lang='lat'><strong>—</strong></span> <span class='ocrx_word' id='word_1_300' title='bbox 713 2200 837 2242; x_wconf 78' lang='lat' dir='ltr'>vincat,</span> <span class='ocrx_word' id='word_1_301' title='bbox 869 2203 903 2234; x_wconf 87' lang='lat' dir='ltr'>in</span> <span class='ocrx_word' id='word_1_302' title='bbox 927 2224 967 2228; x_wconf 89' lang='lat'>--</span> <span class='ocrx_word' id='word_1_303' title='bbox 1000 2205 1214 2240; x_wconf 79' lang='lat' dir='ltr'>Cantieorum</span> 
     </span>
    </p>
   </div>
   <div class='ocr_carea' id='block_1_10' title="bbox 99 2242 1172 2290">
    <p class='ocr_par' dir='ltr' id='par_1_10' title="bbox 99 2242 1172 2290">
     <span class='ocr_line' id='line_1_38' title="bbox 99 2242 1172 2290; baseline 0.008 -14"><span class='ocrx_word' id='word_1_304' title='bbox 99 2243 171 2288; x_wconf 88' lang='lat' dir='ltr'>ipse</span> <span class='ocrx_word' id='word_1_305' title='bbox 195 2256 229 2276; x_wconf 89' lang='lat' dir='ltr'>se</span> <span class='ocrx_word' id='word_1_306' title='bbox 252 2242 385 2275; x_wconf 51' lang='lat' dir='ltr'>vincit«</span> <span class='ocrx_word' id='word_1_307' title='bbox 410 2244 450 2277; x_wconf 83' lang='lat' dir='ltr'>R.</span> <span class='ocrx_word' id='word_1_308' title='bbox 546 2243 578 2287; x_wconf 85' lang='lat'>⁷)</span> <span class='ocrx_word' id='word_1_309' title='bbox 602 2244 706 2277; x_wconf 85' lang='lat' dir='ltr'>Deest</span> <span class='ocrx_word' id='word_1_310' title='bbox 732 2245 840 2290; x_wconf 85' lang='lat' dir='ltr'>»ipsa«</span> <span class='ocrx_word' id='word_1_311' title='bbox 864 2248 898 2281; x_wconf 86' lang='lat' dir='ltr'>in</span> <span class='ocrx_word' id='word_1_312' title='bbox 925 2250 999 2283; x_wconf 86' lang='lat' dir='ltr'>edd.</span> <span class='ocrx_word' id='word_1_313' title='bbox 1027 2252 1172 2286; x_wconf 85' lang='lat' dir='ltr'>Merlini.</span> 
     </span>
    </p>
   </div>
   <div class='ocr_carea' id='block_1_11' title="bbox 195 2299 1159 2347">
    <p class='ocr_par' dir='ltr' id='par_1_11' title="bbox 195 2299 1159 2347">
     <span class='ocr_line' id='line_1_39' title="bbox 195 2299 1159 2347; baseline 0.01 -16"><span class='ocrx_word' id='word_1_314' title='bbox 195 2300 230 2344; x_wconf 73' lang='lat'>⁸)</span> <span class='ocrx_word' id='word_1_315' title='bbox 253 2299 315 2332; x_wconf 89' lang='lat' dir='ltr'>Ed.</span> <span class='ocrx_word' id='word_1_316' title='bbox 341 2300 388 2333; x_wconf 86' lang='lat' dir='ltr'>M.</span> <span class='ocrx_word' id='word_1_317' title='bbox 416 2301 439 2333; x_wconf 84' lang='grc' dir='ltr'>Ι.</span> <span class='ocrx_word' id='word_1_318' title='bbox 468 2299 661 2334; x_wconf 73' lang='lat' dir='ltr'>»Canticis.«</span> <span class='ocrx_word' id='word_1_319' title='bbox 781 2303 922 2347; x_wconf 75' lang='lat' dir='ltr'><strong>⁹)-Edd.</strong></span> <span class='ocrx_word' id='word_1_320' title='bbox 950 2306 997 2339; x_wconf 85' lang='lat' dir='ltr'>M.</span> <span class='ocrx_word' id='word_1_321' title='bbox 1025 2307 1159 2342; x_wconf 64' lang='lat' dir='ltr'>»illud«</span> 
     </span>
    </p>
   </div>
  </div>
 </body>
</html>
