1404 2463
188 87 257 122 296
676 89 854 122 Omsssms

193 175 304 207 minus
327 176 477 208 invenire
502 176 773 209 misericordiam
798 177 889 221 apud
911 177 1099 208 Dominum
1117 176 1151 208 in
1169 175 1230 208 illo
1249 176 1336 208 diust

195 237 273 269 Non
289 237 320 280 ¹)
361 249 438 278 ergo
478 246 527 269 est
565 237 774 281 apostolicae
815 237 984 279 gravitatis
1023 237 1160 281 culpare
1200 236 1338 281 quidem

198 310 286 336 eum,
311 298 369 341 qui
395 297 494 340 culpa
518 297 636 339 dignus
661 308 720 338 est,
745 298 778 330 id
804 307 853 330 est
878 298 936 342 qui
961 297 1125 342 peccavit,
1152 306 1185 329 et
1211 297 1338 330 collau-

197 359 277 390 dare
302 371 397 397 eum,
422 357 481 401 qui
505 357 606 391 laude
633 358 750 400 dignus
777 368 825 391 est
849 372 912 402 pro
941 371 1044 403 opere
1068 359 1180 390 hono:
1212 367 1244 390 et
1268 371 1340 390 rur-

196 432 288 459 sum,
327 418 532 462 tanquam2)
569 417 604 450 in
642 419 768 451 nullius
805 419 847 451 sit
879 427 1049 462 potestate
1083 431 1180 460 agere
1211 417 1339 462 aliquid

197 479 292 518 boni,
318 480 371 511 vel
398 478 490 519 mali,
516 479 630 512 dicere
657 480 817 512 creatoris
843 492 912 512 esse
932 492 1030 523 opus,
1054 488 1092 511 ut
1108 479 1340 523 unusquisque

199 540 253 572 vel
277 541 363 572 bene
389 549 482 581 agat,
517 540 570 572 vel
595 541 702 580 male,
735 554 810 572 cum
836 539 927 571 aliud
953 540 996 571 ad
1021 540 1188 572 honorem
1214 553 1268 572 vas
1292 541 1341 572 sa-

199 600 275 643 ciat,
299 600 392 632 aliud
417 601 458 633 ad
484 601 736 637 contumeliam,
788 601 977 643 Quomodo
1005 609 1116 632 autem
1142 601 1230 633 illud
1255 614 1341 645 quo-

201 674 266 705 que
291 662 397 700 addit,
424 661 502 706 quia
529 663 713 705 „omnes³)
740 674 802 693 nos
825 670 911 693 stare
938 670 1076 704 oportet
1099 670 1175 693 ante
1194 661 1342 694 tribunal

199 721 341 762 Christi,
378 732 416 754 ut
447 722 588 766 recipiat
611 722 841 766 unusquisque
868 730 1022 753 nostrum
1048 721 1082 753 in
1109 734 1254 766 corpore
1279 734 1341 754 suo

199 792 304 826 prout
327 783 437 823 gessit,
461 783 530 815 sive
555 784 697 821 bonum,
722 782 792 814 sive
818 782 992 814 malum?«
1023 781 1120 824 Quae
1146 783 1236 814 enim
1261 784 1343 815 boni

199 842 380 874 retributio
407 843 448 881 ei,
473 842 531 885 qni
557 843 683 874 malum
709 843 819 874 facere
844 855 912 874 non
931 842 1058 886 potuit,
1088 843 1130 874 ad
1148 843 1213 875 hoc
1230 845 1342 888 ipsum

199 915 217 934 a
243 912 395 935 creatore
419 903 608 936 formatus?
632 903 686 934 'vel
711 915 796 946 quae
822 914 932 946 poena
958 902 1057 943 digne
1081 902 1285 944 irrogabitur
1301 905 1343 944 ei,

201 963 258 1007 qui
291 964 419 995 bonum
452 964 563 995 facere
597 976 635 995 ex
666 963 737 1007 ipsa
770 962 957 995 conditoris
988 963 1040 994 sui
1071 964 1241 997 creatione
1273 978 1342 998 non

200 1024 339 1067 potuit?
363 1025 452 1056 Tum
467 1024 500 1068 ⁸)
526 1024 649 1057 deinde
676 1025 852 1067 quomodo
880 1037 948 1056 non
975 1024 1181 1057 contrarium
1200 1035 1249 1058 est
1266 1027 1343 1059 huic

199 1085 376 1119 assertioni
418 1085 523 1124 illud,
564 1086 658 1129 quod
689 1084 771 1116 alibi
810 1084 907 1117 dicit:
953 1085 1007 1117 »Iu
1024 1085 1056 1129 5)
1093 1086 1199 1118 domo
1231 1096 1342 1129 autem

205 1145 303 1189 (134)
329 1158 446 1187 magna
481 1159 548 1177 non
582 1155 659 1178 sunt
684 1146 922 1177 tantummodo
950 1158 1022 1178 vasa
1046 1158 1144 1178 aurea
1170 1157 1203 1180 et
1227 1161 1343 1190 argen-

201 1214 270 1245 tea,
302 1207 361 1238 sed
387 1216 420 1238 et
446 1207 553 1248 lignea
579 1216 612 1238 et
636 1207 773 1245 fictilia,
797 1207 860 1238 alia
874 1208 907 1249 ’5)
933 1206 1072 1250 quidem
1098 1208 1139 1240 ad
1163 1208 1343 1249 honorem,

200 1266 264 1298 aiia
298 1276 409 1299 autem
441 1268 482 1300 ad
514 1268 766 1300 contumeliam.
823 1267 859 1300 Si
894 1279 972 1308 ergo
1007 1267 1080 1311 quis
1112 1270 1343 1303 emundaverit

201 1336 309 1358 semet
332 1327 443 1371 ipsum
468 1329 510 1360 ab
535 1328 602 1368 his,
634 1329 698 1361 erit
725 1341 779 1360 vas
805 1328 847 1359 ad
874 1327 1058 1367 honorem,
1088 1329 1343 1371 sanctificatum,

203 1396 235 1419 et
261 1388 344 1419 utile
372 1388 534 1428 Domino,
558 1390 600 1421 ad
625 1401 727 1421 omne
753 1401 840 1432 opus
865 1389 994 1420 bonum
1019 1390 1225 1432 paratum?“
1252 1391 1341 1432 Ergo

204 1447 261 1491 qui
287 1461 320 1480 se
349 1449 592 1489 emundaverit,
617 1449 764 1482 efficitur
790 1461 844 1481 vas
869 1450 911 1481 ad
937 1449 1121 1481 honorem:
1147 1451 1205 1494 qui
1229 1461 1341 1484 autem

203 1509 432 1543 immunditias
465 1508 587 1553 suas⁷)
612 1521 755 1553 purgare
781 1510 1016 1553 contemserit,
1049 1510 1197 1543 efficitur
1222 1525 1276 1544 vas
1301 1514 1342 1545 ad

204 1570 458 1603 contumeliam.
507 1571 555 1602 Ex
581 1570 702 1615 quibus
726 1570 900 1602 sententiis
926 1570 1128 1612 nullatenus,
1154 1580 1191 1603 ut
1210 1572 1344 1616 opinor,

206 1643 302 1663 causa
333 1641 504 1674 gestorum
536 1632 578 1663 ad
612 1641 800 1663 creatorem
837 1631 957 1663 referri
982 1640 1105 1675 potest.
1152 1633 1239 1665 Nam
1265 1634 1345 1667 facit

204 1691 340 1735 quidem
369 1701 500 1724 creator
523 1692 617 1724 Deus
643 1693 815 1736 quoddam
843 1704 896 1724 vas
920 1693 962 1724 ad
989 1693 1172 1732 honorem,
1208 1702 1241 1725 et
1265 1693 1345 1727 facit

203 1752 266 1784 alia
293 1766 366 1785 vasa
393 1754 435 1785 ad
460 1752 720 1785 contumeliam:
745 1753 805 1784 sed
819 1752 851 1797 ⁸³)
876 1752 964 1784 illud
992 1766 1062 1791 vas,
1087 1754 1180 1797 quod
1203 1766 1239 1786 se
1263 1767 1344 1801 pur-

302 1919 332 1961 ')
358 1919 445 1951 Edd.
470 1919 518 1951 M.
545 1920 688 1960 „Nuruf‘

299 1973 333 2016 ²)
359 1974 416 2007 Sic
442 1975 521 2010 Mss,
550 1975 640 2006 Alias
666 1976 711 2018 (v,
732 1988 757 2006 c.
777 1974 809 2005 in
830 1975 906 2005 edd.
927 1973 995 2017 M.)
1022 1987 1120 2014 „cum
1146 1975 1201 2007 in“
1228 1985 1290 2008 etc.
1303 1977 1340 2010 R.

297 2029 332 2070 ³)
358 2030 389 2061 11
416 2029 496 2063 Cor.
522 2030 562 2068 V,
588 2028 641 2063 10.
737 2029 770 2073 ⁴²)
795 2028 882 2061 Edd.
912 2029 960 2061 M.
987 2029 1140 2069 „Tunc.“

296 2083 330 2126 ⁵)
356 2084 384 2115 ll
410 2083 500 2117 Tim.
527 2084 568 2123 ll,
593 2084 648 2118 20.
673 2083 727 2118 21.
825 2082 858 2128 ⁶)
884 2085 969 2117 Edd.
996 2085 1045 2118 M.
1073 2094 1128 2125 „et
1151 2084 1248 2117 alia.“

297 2138 329 2181 ⁷)
353 2138 459 2170 Deest
489 2139 523 2170 in
555 2137 653 2171 editis
686 2139 733 2182 (v,
769 2153 795 2171 c.
829 2140 904 2172 edd.
930 2140 1015 2182 Μ),
1047 2140 1107 2172 sed
1139 2139 1282 2172 habetur
1306 2140 1338 2172 iu

202 2181 281 2214 Mss.
309 2187 436 2222 „suas.“
464 2183 503 2215 R.

295 2239 329 2280 5)
359 2237 421 2271 Ed.
447 2238 495 2271 M.
523 2239 547 2272 l.
576 2240 655 2279 „sed
681 2248 712 2270 et
739 2239 857 2270 iltudf‘
