1404 2463
182 120 226 156 32
664 118 839 152 Omessffls

180 210 256 242 Deo
282 208 424 250 intelligi
447 206 602 249 suggerit,
624 216 727 251 prout
750 206 934 252 potuimus,
960 207 1145 246 confutato,
1171 205 1312 238 dicimus

179 271 362 304 secundum
402 268 575 301 veritatem
615 269 750 312 quidem
786 270 898 301 Deum
934 267 1311 312 incomprehensibilem

180 333 295 376 esse¹)
328 341 427 375 atque
460 329 747 362 inaestimabilem.
809 330 845 363 Si
882 329 963 374 quid
999 329 1088 362 enim
1127 328 1214 361 illud
1251 338 1309 370 est,

181 394 272 440 quod
297 393 419 426 sentire
453 392 505 422 vel
536 390 720 431 intelligere
753 391 794 423 de
825 391 902 423 Deo
933 391 1164 436 potuerimus,
1196 389 1310 423 multis

182 456 281 498 longe
307 455 383 499 (51)
413 452 522 485 modis
554 465 630 484 eum
655 451 833 484 meliorem
858 465 926 485 esse
950 453 991 484 ab
1017 465 1070 492 eo,
1094 452 1187 497 quod
1209 451 1312 485 sensi—-

182 531 266 557 mus,
291 528 424 549 necesse
451 523 499 546 est
523 512 624 546 credi.
683 513 779 547 Sicut
804 514 892 546 enirn
915 514 943 546 si
967 515 1138 547 videamus
1163 513 1311 558 aliquem

182 579 233 611 vix
258 590 355 622 posse
380 575 558 609 scintillam
584 574 731 615 luminis,
760 585 816 609 aut
838 576 1053 608 brevissimae
1078 576 1235 608 lucernae
1259 574 1311 606 lu·

181 653 257 672 men
283 638 470 683 adspicere3
496 646 528 669 et
553 649 646 676 eum,
678 636 770 683 cujus
794 637 880 670 acies
906 638 1085 670 oculorum
1109 637 1231 682 plus2)
1259 636 1311 668 lu-

182 701 280 733 minis
308 712 437 744 capere,
463 711 560 742 quam
586 711 685 742 supra
712 699 869 740 diximus,
893 712 962 732 non
987 700 1092 739 valet,
1116 698 1143 731 si
1168 698 1310 730 velimus

181 764 223 796 de
249 762 397 795 claritate
421 773 459 792 ac
483 760 664 804 splendore
694 760 774 794 solis
799 762 963 794 edocere:
993 774 1106 794 nonne
1139 759 1312 805 oportebit

180 837 241 857 nos
267 824 297 879 gi
322 823 451 861 dicere,
492 821 617 865 quia³)
649 821 740 854 omni
766 822 830 854 hoc
855 822 998 862 lumine,
1034 823 1127 867 quod
1158 821 1308 865 vides,⁴)

180 883 398 917 ineffabiliter
423 892 455 915 et
479 882 770 915 inaestimabiliter
792 884 916 916 melior
945 897 983 917 ac
1013 883 1239 929 praestantior
1261 892 1310 916 est

180 946 260 979 solis
285 944 469 990 splendor?
507 945 557 977 Ita
587 957 682 977 mens
706 954 819 979 nostra
844 959 919 977 cum
943 947 1029 979 intra
1054 946 1159 979 carnis
1181 955 1214 978 et
1236 958 1310 978 san-

179 1007 286 1050 guinis
311 1007 454 1039 claustra
479 1006 709 1046 concluditur,
733 1015 767 1039 et
790 1020 852 1051 pro
866 1009 900 1052 ⁵)
923 1008 998 1040 talis
1022 1008 1180 1041 materiae
1204 1006 1308 1052 parti-

180 1068 349 1113 cipatione
374 1067 530 1101 hebetior
553 1077 652 1112 atque
677 1068 830 1100 obtusior
851 1068 1020 1109 redditur,
1045 1069 1124 1102 licet
1146 1070 1188 1102 ad
1215 1082 1308 1101 com-

179 1130 388 1175 parationem
413 1139 550 1162 naturae
576 1142 760 1174 corporeae
785 1130 884 1172 longe
907 1131 1114 1175 praecellens
1138 1131 1308 1170 habeatur,

178 1201 291 1224 tamen
322 1192 402 1223 dum
415 1191 447 1234 ⁶)
478 1192 519 1223 ad
551 1191 752 1236 incorporea
781 1191 916 1232 nititur,
946 1193 1046 1237 atq'ue
1077 1205 1194 1225 eorurn
1208 1192 1239 1237 ⁷)
1264 1191 1308 1224 ri-

178 1262 289 1285 matur
319 1252 498 1293 intuitum,
534 1261 614 1285 tunc
644 1252 810 1285 scintillae
839 1252 981 1298 alicujus
1011 1254 1113 1298 autss)
1150 1254 1307 1286 lucernae

179 1313 233 1346 vix
257 1313 387 1346 obtinet
410 1313 536 1348 locum.
582 1313 675 1356 Quid
707 1322 818 1346 autem
848 1313 882 1346 in
914 1314 1069 1348 omnibus
1098 1315 1308 1348 intellectua-

179 1375 277 1415 libus,
304 1374 339 1407 id
365 1384 422 1415 est,
446 1374 666 1419 incorporeis,
690 1383 758 1407 tam
781 1384 950 1420 praestans
973 1376 1140 1417 omnibus,
1164 1386 1232 1410 tam
1254 1376 1306 1410 in-

179 1436 360 1469 effabiliter
373 1445 471 1481 atque
487 1435 776 1469 inaestimabiliter
790 1438 1008 1481 praecellens,
1021 1438 1054 1483 ⁹)
1071 1451 1171 1483 quam
1188 1438 1307 1472 Deus?

181 1497 277 1543 cujus
301 1498 418 1543 utique
441 1498 627 1542 natura¹⁰)
659 1497 730 1530 acie
760 1498 925 1532 humanae
953 1499 1073 1533 mentis
1102 1500 1232 1534 intendi
1255 1509 1304 1534 at-

274 1683 305 1724 ¹)
330 1683 436 1715 Deest
464 1685 576 1725 „esse“
601 1683 635 1717 in
661 1685 737 1718 edd.
760 1685 810 1718 M.

215 1781 223 1789 1
267 1738 301 1780 ²)
326 1737 383 1771 Sic
408 1738 488 1771 Mss.
525 1739 616 1772 Alias
649 1740 694 1784 (v.
726 1753 754 1774 c.
788 1740 823 1772 in
854 1740 930 1774 edd.
964 1739 1029 1784 M.)
1062 1741 1158 1786 „plus
1184 1741 1226 1774 de
1250 1741 1301 1774 lu-

178 1786 300 1815 mine.“
326 1783 368 1816 R.
459 1784 494 1828 ³)
518 1784 580 1817 Ed.
605 1785 653 1818 M.
679 1786 722 1818 II.
749 1785 896 1830 „qu0d.“

268 1839 302 1883 ⁴¹)
327 1838 390 1872 Ed.
414 1839 464 1872 M.
491 1840 533 1872 Il.
559 1841 702 1881 „videt.“

267 1895 300 1939 ⁵)
325 1893 382 1927 Sic
408 1895 487 1928 Mss.
513 1896 604 1929 Alias
631 1897 677 1940 (v.
705 1909 732 1930 c.
755 1896 790 1928 in
815 1896 890 1930 edd.
915 1896 979 1940 M.)
1007 1909 1090 1941 „pro
1114 1897 1173 1931 tali
1197 1907 1301 1931 mate·

175 1938 243 1972 riae
268 1939 526 1984 participatione
550 1961 602 1981 —,
627 1942 707 1974 licet
728 1954 790 1987 pro
816 1942 1088 1986 comparatione“
1114 1952 1176 1977 etc.
1199 1943 1240 1976 R.

269 1995 303 2038 ⁶)
327 1995 412 2028 Edd.
438 1996 485 2029 M.
511 2000 642 2039 „cum.“

265 2050 298 2095 ⁷)
323 2050 380 2084 Sic
412 2052 490 2084 Mss.
522 2052 612 2085 Alias
644 2052 691 2097 (V.
717 2065 744 2085 c.
768 2052 801 2085 in
827 2053 902 2087 edd.
926 2054 994 2098 Μ.)
1031 2066 1170 2096 „eorum
1194 2052 1300 2087 inten-

174 2095 302 2129 tionem
326 2095 496 2129 rimatur.“
522 2098 561 2130 R.
655 2098 689 2141 ⁸)
718 2098 822 2131 Deest
850 2103 946 2140 „aut“
971 2100 1007 2132 in
1031 2100 1107 2133 edd.
1131 2099 1180 2134 Μ.

266 2153 303 2196 9)
327 2152 414 2185 Edd.
440 2153 487 2185 M.
515 2152 741 2197 „praecellens
766 2163 825 2195 est,
849 2158 969 2200 quam“
995 2164 1058 2189 etc.

248 2208 300 2252 ¹⁰)
326 2208 383 2242 Sic
408 2221 523 2241 omnes
547 2209 628 2241 Mss.
655 2209 744 2242 Alias
777 2212 823 2254 (v.
848 2224 875 2244 c.
900 2211 933 2244 in
956 2211 1007 2243 ed.
1025 2210 1074 2243 M.
1095 2210 1155 2254 Π.)
1181 2217 1297 2251 „natu-

175 2265 246 2285 ram
269 2253 431 2286 humanae
455 2253 594 2286 mentis⁴‘
621 2263 681 2288 etc.
706 2255 747 2289 R.
771 2275 814 2281 -
837 2256 899 2289 Ed.
925 2257 972 2290 M.
990 2257 1014 2290 1.
1041 2264 1175 2297 „natura
1196 2263 1295 2300 atque

176 2298 337 2331 hum'anae
361 2299 500 2332 mentis“
532 2308 592 2333 etc.
