1404 2463
193 109 260 145 282
670 111 844 145 ΟιιιῦεΝῐε

195 200 373 240 cutientes,
407 200 441 233 in
472 213 538 245 quo
570 200 737 245 dicim-¹)
763 202 855 233 Deus
889 200 1056 233 indurasse
1088 213 1147 232 cor
1169 200 1316 233 Pharao-

192 262 259 306 nis,
285 272 317 295 et
340 276 402 307 pro
428 276 487 303 eo,
513 264 605 308 quod
629 263 754 296 dictum
780 273 845 295 est:
874 262 1004 307 „Cui²)
1030 274 1107 303 ergo
1134 261 1222 302 vult,
1252 261 1314 294 mi-

193 333 331 363 seretur,
356 333 388 356 et
414 338 513 368 quem
539 325 609 357 vult
633 325 795 358 indurat.“

286 386 336 420 15.
384 388 478 419 Nunc
504 386 674 419 videamus
699 387 797 420 etiam
824 388 865 419 de
889 386 949 426 his,
975 398 1058 431 quae
1082 384 1240 418 Ezechiel
1265 385 1315 418 di-

196 447 250 487 cit,
274 461 349 480 cum
373 448 435 480 ait:
463 450 688 492 „Auferam³)
715 462 773 481 cor
798 448 967 493 lapideum
993 448 1034 479 ab
1058 445 1109 484 iis,
1133 454 1166 478 et
1190 445 1315 481 immi-t-

192 518 260 542 tam
292 509 332 542 iis
363 522 422 541 cor
453 523 624 550 carneum,
662 520 698 543 ut
728 511 761 543 in
793 509 1082 555 justificationibus
1114 507 1196 539 meis
1227 507 1316 540 ince-

196 572 291 611 dant,
330 581 362 604 et
392 583 570 617 praecepta
601 585 674 605 mea
700 572 919 605 custodiant.«
969 570 1006 605 Si
1031 569 1118 602 enirn
1143 582 1218 602 cum
1243 569 1316 601 vuit

193 633 298 673 Deus,
322 634 430 666 aufert
456 634 624 678 lapideum
651 647 719 673 cor,
745 644 777 666 et
801 647 955 666 carneum
981 633 1046 671 dat,
1077 640 1114 663 ut
1137 639 1316 675 praecepta

194 709 252 728 sua
275 705 466 735 serventur,
502 705 534 728 et
563 696 715 728 mandata
741 695 989 734 custodiantur,
1021 706 1128 738 neque
1153 692 1315 725 malitiam

194 758 325 790 auferre
354 757 387 789 in
420 767 532 789 nostra
558 757 724 790 videbitur
748 770 817 789 esse
841 765 1018 801 potestate.
1068 756 1201 788 Auserri
1227 754 1315 787 enim

195 832 254 851 cor
282 819 453 863 lapideum
485 832 552 851 non
584 818 674 851 aliud
702 819 832 851 videtur
857 831 942 857 esse,
973 817 1071 861 (124)
1098 830 1197 862 quam
1220 815 1315 848 mali—

193 880 285 920 tiam,
310 893 374 924 qua
397 880 470 924 quis
496 881 690 920 obduratur,
714 880 863 913 abscindi
887 893 903 912 a
930 892 996 924 quo
1023 880 1115 912 Deus
1137 879 1218 911 vult.
1250 879 1316 910 Ne-

196 954 260 986 que
293 942 385 986 quod
415 941 557 974 mittitur
581 955 639 974 cor
664 955 836 981 carneum,
869 951 904 973 ut
929 941 962 973 in
987 941 1175 986 praeceptis
1199 941 1314 972 ambu-

194 1003 283 1036 letur
306 1003 390 1042 Dei,
422 1012 454 1035 et
477 1013 650 1036 serventur
672 1004 824 1036 mandata
848 1003 931 1043 Dei,
963 1003 1054 1036 aliud
1078 1012 1127 1035 est
1149 1001 1212 1035 nisi
1236 1002 1317 1034 obe-

195 1065 342 1098 dientem
374 1065 461 1104 fieri,
493 1074 525 1097 et
554 1078 621 1097 non
646 1065 852 1098 resistentem
877 1074 992 1098 contra
1004 1064 1037 1109 4)
1062 1064 1252 1102 veritatem,
1283 1072 1316 1095 et

195 1137 391 1172 operantem
416 1139 518 1171 opera
542 1126 714 1161 virtutum.
762 1127 799 1160 Si
825 1140 902 1169 ergo
927 1127 1006 1159 haec
1030 1125 1199 1171 promittit
1221 1124 1314 1157 Deus

194 1202 228 1222 se
252 1190 436 1227 facturum,
461 1198 495 1221 et
517 1198 692 1233 antequam
716 1189 787 1233 ipse
811 1190 938 1221 auferat
963 1202 1021 1221 cor
1044 1188 1232 1232 lapideum,
1257 1187 1314 1219 de-

194 1263 321 1295 ponere
352 1249 439 1282 illud
472 1263 489 1282 a
514 1250 610 1283 nobis
633 1264 701 1283 non
726 1264 920 1295 possumus,
951 1263 1156 1295 consequens
1180 1258 1246 1288 est,
1277 1257 1315 1281 ut

193 1312 229 1344 in
253 1321 368 1344 nostra
391 1321 556 1356 potestate
580 1325 647 1344 non
671 1312 713 1345 sit
737 1311 881 1357 abjicere
906 1312 1077 1352 malitiam,
1099 1312 1158 1343 sed
1174 1311 1207 1342 in
1224 1311 1313 1342 Deo.

193 1374 239 1407 Et
262 1374 383 1406 iterum
407 1373 432 1406 si
458 1387 525 1406 non
553 1374 585 1406 in
609 1383 723 1406 nostro
749 1383 824 1406 actu
850 1383 908 1414 est,
932 1384 969 1406 ut
992 1375 1050 1407 fiat
1074 1373 1108 1405 in
1133 1372 1230 1405 nobis
1255 1385 1313 1404 cor

194 1449 359 1476 carneum,
385 1436 443 1468 sed
466 1435 569 1468 soiius
592 1435 660 1467 Dei
685 1449 769 1480 opus
793 1445 852 1476 est,
876 1449 944 1468 non
969 1436 1031 1467 erit.
1053 1443 1204 1466 nostrum
1228 1447 1313 1478 opus

193 1498 376 1530 secundum
401 1497 557 1529 virtutem
584 1497 707 1536 vivere,
731 1499 790 1529 sed
814 1502 849 1530 in
875 1497 1029 1529 omnibus
1054 1496 1164 1540 Deir⁵)
1190 1496 1312 1537 gratiae

194 1573 278 1604 opus
304 1559 480 1592 videbitur.
527 1559 617 1591 Haec
651 1558 786 1602 quidem
818 1559 933 1590 dicunt
965 1558 1015 1598 hi,
1051 1557 1109 1602 qui
1135 1558 1251 1590 volunt
1275 1571 1313 1590 ex

192 1621 389 1654 auctoritate
420 1620 548 1652 divinae
573 1619 765 1664 Scripturae
797 1620 974 1659 disserere,
1011 1619 1095 1651 nihil
1125 1632 1194 1651 esse
1223 1619 1314 1664 posi-

193 1693 263 1716 tum
298 1683 333 1716 in
362 1692 476 1715 nostra
505 1691 681 1726 potestate.
729 1681 860 1724 Quibus
884 1681 1161 1726 respondebimus
1184 1681 1264 1714 haec
1277 1682 1311 1725 ⁶)

192 1758 260 1778 non
290 1744 447 1788 taliter7)
480 1743 621 1786 intelligi
653 1753 827 1788 oportere,
865 1744 922 1776 sed
951 1743 1036 1776 sicut
1065 1743 1093 1776 si
1123 1743 1164 1776 sit
1193 1743 1312 1788 aliquis

290 1920 319 1963 ¹)
347 1919 415 1952 Csr.
439 1918 546 1950 Exod.
570 1917 614 1956 X,
638 1916 691 1951 20.
830 1918 863 1961 ²)
889 1917 985 1949 Rom.
1013 1916 1069 1957 lX,
1095 1916 1145 1951 18.

287 1975 321 2017 3)
346 1974 470 2007 Ezech.
494 1973 554 2012 XI,
580 1972 632 2007 19.

284 2030 317 2074 ⁴)
343 2031 398 2063 Sic
419 2030 526 2062 Codd.
553 2042 666 2061 omnes
692 2029 770 2061 Mss.
795 2028 884 2060 Libri
911 2028 993 2060 editi
1016 2031 1065 2071 (ν.
1092 2042 1118 2061 c.
1144 2030 1218 2061 edd.
1245 2030 1310 2073 M.)

195 2085 330 2117 „contra
361 2075 549 2106 veritatem:
586 2085 619 2106 et
647 2075 711 2106 hoc
741 2073 913 2117 promittit
936 2074 1028 2105 Deus
1058 2087 1092 2106 se
1126 2075 1309 2106 facturum:

194 2120 254 2153 etsi
300 2130 477 2163 antequam
520 2120 689 2152 auferatur
726 2119 818 2163 (edd.
851 2119 900 2152 Μ.
932 2121 1085 2162 auferat)
1127 2132 1185 2151 cor
1226 2119 1309 2163 lapi-

194 2167 312 2200 deum“
339 2174 400 2197 etc.
427 2165 466 2197 R.

285 2222 316 2266 ⁵)
342 2221 396 2254 Sic
423 2221 500 2252 Mss.
528 2221 563 2252 ln
589 2219 686 2252 editis
704 2220 749 2264 (ν.
769 2232 795 2252 c.
815 2220 890 2252 edd.
910 2220 973 2263 M.)
999 2220 1105 2252 deest:
1131 2220 1250 2261 „Dei.“
1268 2221 1307 2254 R.

283 2278 317 2322 ⁶)
343 2277 427 2309 Edd.
455 2277 500 2308 M.
529 2276 643 2308 »}iOC.“
756 2275 789 2319 ⁷)
814 2275 876 2308 Ed.
903 2275 949 2308 M.
978 2276 1000 2310 Ι.
1027 2276 1173 2316 „aliter.·‘
