1404 2463
152 89 219 123 3ss2
635 91 815 124 Onusam

154 179 250 211 istam
285 179 550 223 perfectionem,
586 193 624 213 ac
655 180 900 213 beatitudinem
926 181 1179 213 rationabilium
1205 194 1296 214 crea-

155 250 316 280 turarum,
343 241 395 273 vel
421 251 627 282 naturarum,
652 242 696 275 ita
724 243 861 274 demum
887 241 1024 287 quidam
1041 243 1071 286 ¹)
1096 255 1294 287 permanere

154 301 186 334 in
223 303 344 334 eodem
376 311 482 343 statu,
524 316 592 347 quo
623 317 723 348 supra
755 303 914 342 diximus,
951 312 1089 346 putant,
1120 304 1154 336 id
1187 314 1236 337 est
1259 313 1297 336 ut

154 364 267 395 Deum
299 364 413 396 omnia
439 365 600 405 habeant,
624 375 658 398 et
680 366 776 398 Deus
802 365 841 398 iis
865 365 909 397 sit
936 364 1068 403 omnia,
1098 364 1124 397 si
1149 365 1296 398 nullate-

154 438 215 457 nus
247 438 301 458 eas
323 426 467 458 societas
494 436 632 459 naturae
658 427 893 471 corporalis²)
919 435 1084 458 amoveat.
1135 426 1296 471 Alioquin

153 486 389 531 existimant-³)
422 487 565 529 gloriam
605 501 755 521 summae
793 488 1013 521 beatitudinis
1053 487 1232 532 impediri,
1270 487 1297 520 si

153 548 336 581 materialis
369 549 573 582 substantiae
603 549 824 583 interseratur
853 549 1029 583 admixtio.
1076 550 1131 582 De
1164 562 1228 594 qua
1260 561 1296 581 re

153 609 287 654 plenius
311 623 328 642 a
354 609 470 650 nobis,
495 624 580 655 quae
607 611 639 644 in
664 610 896 656 superioribus
911 611 943 654 ὃ)
971 623 1148 643 occurrere
1173 617 1297 654 potue-

155 680 242 711 runt,
267 680 470 715 pertractata
495 682 593 716 atque
620 672 746 714 digesta
772 681 858 705 sunt.

155 845 204 875 fra
229 857 309 876 num
344 844 376 878 6.
402 843 452 875 his
477 844 602 876 verbis:
630 844 685 884 „in
711 857 779 888 quo
805 853 892 876 statu
919 844 1178 887 (beatitudinis)
1197 843 1298 876 etiam

155 902 354 932 permanere
390 901 525 932 semper
566 898 601 921 et
637 888 897 921 immutabiliter
935 888 1094 920 mentoris
1127 888 1299 920 voluntate

156 943 206 965 est
238 933 479 972 credendum,·⁴
506 943 568 966 etc.
617 934 783 978 Suspicor
814 933 874 978 (?)
900 933 1026 985 itaque
1067 934 1150 965 haec
1186 933 1300 965 omnia

157 979 199 1010 de
230 991 292 1010 suo
320 978 481 1011 Rufinum
513 979 709 1017 attexuisse,
747 987 780 1011 et
810 991 873 1022 pro
900 977 938 1010 iis
964 978 1175 1018 obtrudisse,
1213 991 1299 1022 quae

156 1022 255 1055 initio
290 1023 358 1066 hui.
385 1036 455 1067 cap.
484 1036 575 1056 num.
603 1024 644 1062 1.,
677 1033 711 1056 et
743 1023 796 1056 hic
829 1036 867 1055 ex
900 1023 997 1067 epist.
1024 1023 1225 1069 Hieronymi
1258 1024 1300 1056 ad

158 1068 294 1100 Avitum
319 1081 393 1112 pag.
418 1068 494 1103 767.
519 1078 814 1112 lepraesentantur
838 1068 925 1100 hunc
950 1081 983 1100 ln
1010 1069 1170 1100 modum:
1208 1070 1302 1109 „Nec

158 1113 300 1145 dubium
327 1122 387 1153 est,
411 1113 491 1157 quin
518 1128 561 1157 P‘
556 1123 596 1146 st
620 1117 785 1158 quaedam
810 1113 987 1145 intervalla
1010 1123 1206 1157 temporum
1227 1127 1303 1146 rur-

157 1172 213 1190 sus
237 1159 376 1191 materia
400 1159 578 1197 subsistat,
603 1169 637 1191 et
661 1171 807 1203 corpora
830 1159 929 1198 fiant,
962 1167 996 1190 et
1020 1158 1138 1190 mundi
1163 1157 1303 1191 diversi-

157 1213 206 1236 tas
245 1213 459 1236 construatur
497 1213 641 1248 propter
680 1217 786 1236 vanas
824 1204 1013 1235 voluntates
1048 1203 1301 1237 rationabilium

159 1259 401 1301 creaturarum,
436 1262 519 1293 quae
546 1259 624 1293 post
648 1250 834 1293 perfectam
861 1248 1104 1281 beatitudinem
1130 1261 1235 1293 usque
1260 1249 1301 1281 ad

157 1295 260 1326 finem
287 1294 439 1326 omnium
467 1307 578 1326 uenum
604 1294 767 1338 paulatim
793 1294 835 1325 ad
861 1293 1022 1325 inferima
1039 1294 1207 1337 delapsae,
1231 1303 1303 1326 tan-

160 1349 226 1371 tam
258 1338 421 1371 malitiam
458 1349 691 1390 receperunt,
719 1349 756 1371 ut
787 1338 821 1370 in
846 1338 1054 1371 contrarium
1081 1347 1301 1377 verteremur,

160 1385 241 1416 dum
268 1384 390 1415 nolunt
420 1396 551 1416 servare
585 1383 812 1435 principium,
845 1392 878 1415 et
902 1383 1136 1428 incorruptam
1161 1384 1303 1416 beatitu-

160 1429 273 1461 dinem
301 1428 484 1472 possidere.
531 1431 602 1462 Nec
630 1430 694 1460 hoc
719 1428 954 1470 ignorandum,
981 1429 1075 1472 quod
1099 1429 1227 1460 multae
1252 1442 1303 1460 ra-

160 1473 339 1506 tionabiles
374 1483 545 1506 creaturae
580 1486 686 1517 usque
722 1474 762 1505 ad
799 1474 985 1505 secuudum
1023 1482 1057 1505 et
1092 1473 1230 1505 tertium
1270 1482 1304 1505 et

160 1527 316 1563 quartum
350 1519 514 1550 mundum
549 1527 680 1551 servent
710 1517 935 1562 principium,
972 1531 1033 1549 nec
1066 1518 1245 1550 mutationi
1270 1518 1302 1550 in

160 1577 195 1596 se
221 1565 335 1595 locum
360 1563 526 1604 tribuant3
549 1564 635 1596 aliae
662 1576 740 1594 vero
766 1572 834 1594 tam
855 1576 973 1606 parum
993 1563 1034 1594 de
1054 1563 1197 1607 pristino
1215 1572 1302 1595 statu

159 1609 340 1641 amissurae
364 1608 441 1645 sint,
464 1617 502 1639 ut
525 1622 613 1660 pene
636 1608 720 1640 nihil
746 1607 931 1651 perdidisse
957 1607 1143 1647 videantur,
1168 1617 1202 1640 et
1219 1621 1304 1640 non-

161 1654 275 1686 nullae
307 1653 423 1695 grandi
455 1653 550 1685 ruina
577 1654 610 1685 in
636 1653 793 1684 ultimum
819 1653 1092 1705 Piaecipitandae
1116 1655 1182 1685 sint
1205 1654 1303 1685 bara-

160 1700 284 1731 thrum.
324 1698 496 1742 Novitque
521 1699 734 1749 dispensato:
758 1698 910 1729 omnium
929 1698 1057 1730 Deus
1048 1711 1082 1730 tn
1107 1697 1303 1730 conditione

161 1744 368 1776 mundorum
399 1743 538 1785 singulis
568 1743 659 1775 abuti
686 1742 775 1787 juxta
800 1743 976 1780 meritum,
1009 1751 1041 1774 et
1065 1742 1304 1786 opportunita-

161 1798 229 1828 tes,
264 1798 297 1821 et
321 1801 453 1829 causas,
481 1789 602 1832 quibus
628 1788 745 1820 mundi
770 1787 994 1828 gubernacula
1019 1797 1248 1821 sustentantur
1272 1796 1305 1819 et

162 1834 354 1866 initiantur:
393 1843 430 1865 ut
463 1834 519 1878 qui
554 1846 672 1866 omnes
704 1832 820 1865 vicerit
853 1832 1020 1883 nequitia,
1053 1841 1083 1864 et
1111 1832 1244 1876 penitus
1268 1845 1303 1864 se

163 1889 269 1911 terrae
296 1879 549 1923 coaequaverit,
583 1881 617 1911 in
641 1878 709 1910 alio
722 1878 882 1929 mundo,
915 1890 971 1922 qut
997 1886 1114 1920 postea
1140 1877 1303 1910 fabrican-

164 1926 224 1957 dus
250 1934 315 1963 est
341 1924 399 1955 snat
423 1924 598 1962 diabolus,
621 1922 830 1974 principium
854 1921 1086 1973 plasmationis
1111 1924 1206 1965 (Job.
1231 1923 1303 1962 XL,

165 1970 235 2013 19.)
261 1968 414 2009 Domini,
441 1978 478 2001 ut
502 1970 666 2002 illudatur
690 1981 720 1999 el
744 1970 786 2000 ab
810 1968 948 2009 angelis,
983 1980 1041 2011 qu¹
1067 1967 1195 2000 exordii
1222 1967 1303 2000 ami-

163 2027 235 2047 sere
260 2016 428 2049 virtutem.
434 2018 451 2034 “
478 2015 518 2047 R.
545 2035 586 2040 —-
612 2012 745 2045 Videsis
769 2013 828 2047 lib.
848 2014 888 2045 ΙΙ.
915 2012 1150 2054 Origenianor.
1174 2022 1301 2057 quaest

164 2061 224 2093 Xl.
249 2073 339 2092 num.
365 2059 395 2093 9.
422 2060 504 2092 coll.
531 2060 582 2091 ed.
609 2059 738 2102 Redep.
764 2071 838 2103 pag.
862 2058 938 2093 322.
964 2066 1034 2090 not.
1059 2057 1090 2091 2.

260 2116 291 2158 ¹)
318 2115 380 2147 Ed.
406 2115 454 2147 M.
482 2116 510 2148 l.
539 2114 729 2159 »quidem.“

255 2172 289 2214 2)
315 2169 371 2203 Si«
398 2171 478 2203 ῚῙ55.
504 2171 598 2203 Editi
623 2172 667 2212 (v.
694 2184 721 2202 c.
747 2169 826 2202 edd.
853 2169 917 2213 Μ)
944 2169 1124 2201 mendose:
1158 2181 1303 2212 „corpo-

165 2217 225 2250 rali
249 2217 458 2248 admoveat“
486 2216 523 2248 R.
621 2216 655 2259 ³)
681 2215 743 2246 Ed.
770 2215 817 2247 M
845 2216 868 2248 l.
897 2213 1122 2247 »aestimant“

260 2271 292 2315 ⁴)
320 2272 388 2304 Csr.
416 2271 472 2303 lib.
501 2271 542 2302 ll.
569 2274 651 2305 neni
677 2270 800 2315 ἀρχῶν
823 2283 893 2314 cap
923 2270 978 2303 ΙΙΙ.
1004 2282 1093 2302 num
1123 2269 1149 2303 1.
1178 2278 1211 2300 ct
1234 2269 1264 2302 ¹2.
