1404 2463
162 102 208 136 48
644 106 820 140 Omassms

162 194 204 226 de
228 202 316 227 statu
331 194 362 239 ¹)
384 207 445 228 suo
470 196 682 230 deciderent:
713 197 764 230 via
797 197 902 229 factus
927 204 978 229 est
1002 195 1142 227 verbum
1165 194 1232 227 Dei
1258 202 1291 226 et

161 256 334 301 sapientia.
382 257 478 301 Quae
503 258 554 290 via
578 257 704 291 idcirco
730 258 863 298 dicitur,
889 258 982 303 quod
1006 257 1047 290 ad
1072 265 1203 301 patrem
1228 256 1290 288 du·

161 327 212 350 cat
236 331 305 358 eos,
330 320 387 363 qui
411 332 473 364 per
496 332 568 352 earn
592 319 763 353 incedunt.

252 380 484 426 Quaecunque
510 395 588 424 ergo
614 382 757 415 diximus
775 382 816 414 de
835 380 997 426 sapientia
1011 380 1088 420 Dei,
1111 379 1192 412 haec
1209 391 1289 412 con-

161 441 332 475 venienter
356 444 558 487 aptabuntur
582 453 615 476 et
638 443 868 485 intelligentur
893 442 993 475 etiam
1018 455 1081 487 pro
1107 454 1168 481 eo,
1192 441 1290 486 quod-

160 503 268 536 Filius
291 504 359 537 Dei
383 504 450 538 vita
475 515 534 545 est,
558 506 637 549 et2)
660 518 724 550 pro
750 518 789 538 eo
816 505 908 550 quod
927 505 1067 536 verbum
1084 512 1144 544 est,
1167 512 1201 536 et
1224 515 1289 547 pro

161 579 202 599 eo
228 567 320 611 quod
346 566 464 600 veritas
489 577 548 607 est,
573 576 607 600 et
630 580 693 612 pro
719 580 759 600 eo
786 567 878 612 quod
900 566 1100 599 resurrectio
1120 574 1185 598 est:
1209 563 1289 610 quia
1311 592 1319 599 .

161 629 222 660 hae
256 641 372 660 omnes
402 628 646 673 appellationes
677 641 714 661 ex
746 628 906 672 operibus
938 626 1008 672 ejus
1040 640 1076 661 ac
1107 627 1288 660 virtutibus

159 691 349 723 nominatae
373 699 468 729 sunt,
501 699 535 723 et
563 690 596 723 in
627 690 719 723 nulla
743 689 860 722 harum
885 688 938 721 vel
962 689 1030 722 levi
1053 689 1215 734 opinione
1238 688 1290 721 in-

159 751 265 793 telligi
292 752 470 796 corporale
501 751 676 796 aliquid3)
708 761 840 796 potest,
876 751 968 796 quod
1000 751 1054 784 vel
1086 750 1290 793 magnitudi-

159 826 235 846 nem
254 813 424 856 designare
438 813 600 854 videatur,
626 814 678 846 vel
696 813 858 855 habitum,
884 813 961 858 (55)
985 813 1038 845 vel
1063 814 1233 854 colorem;
1252 812 1287 856 ⁴)

160 875 366 920 quoniam⁵)
391 875 434 914 hi,
460 875 518 919 qui
542 875 698 908 videntur
721 876 811 920 apud
834 888 896 907 nos
920 875 1095 907 hominum
1120 874 1200 914 filii,
1232 873 1286 906 vel

159 946 349 969 ceterorum
381 936 592 978 animalium,
623 937 744 969 semini
768 950 904 976 eorum,
934 949 951 968 a
983 935 1104 980 quibus
1134 934 1290 968 seminati

157 1009 245 1039 sunt,
269 1000 485 1043 respondent,
509 999 561 1030 vel
574 999 607 1042 ⁶)
633 1011 765 1038 earum,
790 1011 931 1044 quarum
954 998 989 1030 in
1013 1007 1110 1030 utero
1136 998 1288 1030 forman-

157 1071 212 1094 tur
242 1075 280 1094 ac
309 1060 519 1100 nutriuntur,
554 1060 678 1093 habent
709 1074 747 1094 ex
762 1062 795 1106 ⁷)
831 1060 882 1093 his
915 1060 1079 1105 quidquid
1108 1059 1195 1092 illud
1226 1068 1286 1106 est,

157 1125 250 1169 quod
274 1124 309 1156 in
333 1124 445 1156 lucem
476 1122 560 1155 hanc
590 1131 780 1161 assumunt,
818 1135 856 1154 ac
890 1122 1047 1154 deferunt
1081 1121 1284 1166 processuri.

158 1186 337 1219 Infandum
349 1185 383 1229 Θ)
407 1193 519 1217 autem
532 1184 565 1229 9)
597 1193 646 1217 est
679 1194 711 1217 et
734 1183 910 1224 illicitum,
947 1183 1060 1216 Deum
1091 1183 1226 1216 Patrem
1249 1182 1284 1215 in

156 1247 371 1289 generatione
394 1246 558 1288 unigeniti
588 1245 670 1278 Filii
699 1247 768 1286 sui,
807 1256 906 1291 atque
938 1246 972 1278 in
1004 1244 1286 1289 subsistentiam)

157 1308 226 1353 ejus
252 1320 434 1353 exaequare
459 1307 560 1340 alicui
584 1308 638 1340 vel
662 1308 857 1350 hominum,
889 1308 943 1339 vel
969 1307 1114 1339 aliorum
1137 1306 1285 1339 animan—

155 1370 241 1402 tium
276 1368 464 1412 generanti;
499 1370 558 1402 sed
587 1382 722 1402 necesse
755 1379 805 1402 est
839 1368 967 1414 aliquid
1004 1377 1180 1413 exceptum
1212 1381 1284 1401 esse

155 1432 302 1477 Deoque
327 1431 474 1474 dignum,
499 1431 552 1464 cui
575 1431 668 1464 nulla
693 1444 830 1476 prorsus
848 1429 1056 1475 comparatio
1079 1443 1148 1462 non
1172 1430 1206 1463 in
1231 1443 1283 1463 re-

251 1534 282 1578 ')
306 1533 364 1568 Sic
389 1533 517 1578 optime
548 1533 630 1566 Mss.
663 1532 701 1565 In
731 1542 827 1565 antea
857 1532 954 1566 editis
987 1532 1034 1574 (v.
1060 1545 1086 1564 c.
1113 1532 1188 1565 edd.
1213 1533 1282 1576 M.)

154 1580 241 1613 male
267 1579 470 1612 omittuntur
492 1579 609 1611 verba:
637 1590 718 1620 „suo
745 1578 969 1610 deciderent‚“
995 1577 1036 1609 R.

245 1636 280 1680 2)
304 1636 393 1669 Edd.
417 1636 466 1668 M.
493 1643 551 1676 „ut
574 1637 672 1678 pr0.“
767 1634 800 1677 3)
826 1633 912 1667 Edd.
941 1634 988 1666 M.
1015 1633 1160 1675 „aliud.“

249 1692 282 1736 ⁴)
309 1691 365 1725 Sic
390 1692 472 1724 Mss.
497 1690 588 1723 Alias
612 1691 658 1733 (v.
685 1703 712 1724 c.
737 1689 771 1723 in
796 1691 871 1723 edd.
887 1691 954 1735 M.)
979 1691 1171 1732 „colorem:
1197 1703 1281 1735 quo-

153 1738 258 1771 modo
284 1737 421 1782 quidem
444 1736 498 1768 bi“
525 1745 587 1769 etc.
612 1736 651 1769 R.

245 1793 278 1837 ⁵)
302 1793 436 1826 Januar.
463 1805 599 1834 „verum
626 1791 805 1837 quoniam“
832 1794 901 1824 etc.'

244 1850 278 1893 ⁶)
302 1849 364 1882 Ed.
390 1848 439 1883 M.
464 1849 492 1882 l.
517 1848 622 1880 male:
655 1848 729 1890 „vel
753 1847 787 1880 in
813 1860 943 1887 earum,
969 1860 1109 1892 quarum
1134 1847 1189 1880 in“
1216 1856 1279 1880 etc.

245 1905 279 1949 ⁷)
303 1904 360 1938 Sic
390 1905 471 1938 Mss.
503 1903 594 1936 Alias
625 1903 672 1948 (v.
698 1917 724 1936 c.
748 1903 782 1936 in
807 1904 882 1936 edd.
910 1904 976 1947 M.)
1011 1917 1071 1945 „ex
1102 1904 1153 1937 his
1186 1903 1279 1949 quic-

152 1963 263 1996 quam,
287 1950 371 1982 illud
394 1959 443 1982 est
467 1949 579 1995 quod“
606 1957 668 1981 etc.
692 1949 733 1982 R.

244 2006 278 2051 ⁸)
302 2006 439 2038 Exstant
470 2004 587 2036 verba:
625 2004 825 2045 „Infandum
849 2012 959 2036 autem
983 2006 1046 2044 ’-,
1079 2004 1138 2036 sed
1161 2012 1278 2036 natura

152 2051 239 2085 filius
265 2054 361 2092 est,“
397 2050 432 2082 in
463 2049 613 2093 Apolog.
644 2049 825 2093 Pamphili.
873 2048 942 2082 Cfr.
973 2049 1064 2094 Opp.
1097 2048 1190 2091 Orig.
1222 2049 1275 2081 ed.

150 2098 192 2132 R.
226 2097 323 2130 Tom.
349 2096 406 2127 lv.
438 2094 627 2138 Appendic.
664 2107 737 2139 pag.
761 2093 814 2128 26.
846 2094 924 2128 coll.
956 2094 1009 2128 ed.
1040 2102 1143 2127 nostr.
1176 2093 1275 2126 Tom.

151 2142 272 2175 XXIV.
296 2153 370 2185 pag.
394 2138 470 2174 333.
495 2152 563 2183 seq.

244 2197 278 2240 ⁹)
302 2197 406 2228 Deest
430 2196 519 2240 apud
542 2196 677 2228 Januar.
702 2199 865 2237 ‚,autem.“

227 2253 281 2297 ¹⁰)
305 2251 361 2285 Sic
387 2252 467 2284 Mss.
494 2251 599 2284 Alias:
626 2251 829 2293 „substantia
853 2250 953 2295 ejus.“
979 2251 1019 2283 R.
1036 2270 1076 2276 —
1094 2251 1158 2284 Ed.
1183 2250 1233 2284 Μ.
1248 2251 1272 2283 I.

156 2297 358 2341 „substantia
381 2310 439 2330 sua
464 2296 565 2343 ejus,“
591 2298 642 2329 ed.
668 2298 715 2330 M.
740 2298 783 2330 II.
810 2296 1013 2338 „substantia
1037 2299 1126 2328 sua.“
