1404 2463
211 89 276 123 202
686 92 863 131 Omoems

213 178 348 218 caverit,
370 180 577 223 paracletum
601 180 757 212 habemus
775 180 861 224 apud
879 182 909 222 ¹)
931 179 1073 219 Patrem,
1096 180 1212 212 Jesun«
1231 180 1326 212 Chri-

212 250 298 272 stum
321 240 455 286 justum,
480 251 512 273 et
536 241 606 285 ipsc
632 251 680 274 est
703 241 901 286 propitiatio
919 253 981 285 pro
999 240 1143 284 peccatis
1160 241 1324 273 nostris:“

214 301 479 342 consideremus,
509 316 550 335 ne
575 303 662 335 forte
686 303 777 335 aliud
802 302 898 345 hic2)
923 302 1086 344 significet
1110 302 1189 334 haec
1213 302 1328 347 appel-

213 363 295 396 latio
319 364 476 408 paracleti
502 365 542 396 de
567 365 751 404 Salvatore,
776 364 866 396 aliud
891 364 932 395 de
957 363 1086 407 Spiritu
1107 373 1230 396 sanem.
1269 363 1327 395 Vi-

213 425 311 457 detur
342 426 430 458 enim
470 426 511 458 de
545 426 718 459 Salvatore
759 427 942 471 paracletus
979 425 1043 458 dici
1074 425 1327 470 deprecator.³)

213 487 402 532 Utrumque
426 487 513 520 enirn
537 488 698 530 significat
720 488 753 520 in
777 499 894 529 graeco
921 487 1123 531 paracletus,
1156 496 1188 519 et
1212 486 1330 530 ‹lepre-

213 558 360 581 calorem
387 558 419 581 et
441 550 698 584 consolatorem.
745 550 890 593 Propter
913 562 988 581 cum
1015 561 1111 591 ergo,
1137 547 1196 592 qui
1218 548 1330 580 subse-

215 609 328 654 quitur
358 624 564 651 sermonem,
600 625 666 656 quo
691 611 753 644 ait:
787 609 897 655 „Et⁴)
922 610 991 654 ipse
1023 619 1074 642 est
1095 608 1330 653 repropitiatio

215 684 277 715 pro
310 672 456 716 peccatis
487 673 654 705 nostris·“
696 672 796 714 magis
828 672 861 704 in
887 672 1060 706 Salvatore
1090 683 1212 703 nomen
1237 682 1331 714 para-

216 733 293 765 cleti
317 746 379 777 pro
406 734 623 778 deprecatore
648 734 902 776 intelligendum
928 734 1076 773 videtui-3
1114 731 1331 776 deprecari⁵)

214 793 303 826 enim
334 795 469 828 Patrem
509 809 571 840 pro
609 796 753 841 peccatis
783 795 904 828 nostris
935 794 1067 828 dicitur.
1120 794 1174 826 De
1203 792 1333 838 Spiritu

215 865 329 888 sancto
366 857 554 890 Paracletus
586 858 821 901 consolator5)
854 857 956 889 debet
985 855 1145 898 intelligi,
1183 868 1246 900 pro
1279 867 1332 894 eo,

217 919 308 961 quod
340 919 606 951 consolationem
637 928 780 964 praestat
807 918 993 960 animabus,
1030 917 1195 962 quibus')
1218 926 1332 962 aperte

217 979 341 1012 revelat
365 993 496 1013 sensum
518 979 675 1013 scientiae
699 979 891 1024 spiritualis.

450 1247 692 1287 CAPUT
739 1244 1109 1287 OCTAVUM.

675 1346 728 1379 De
753 1345 874 1380 anima.

308 1437 336 1468 1.
384 1435 465 1468 Post
497 1436 621 1479 haecss)
660 1435 722 1480 jam
761 1436 845 1468 ordo
883 1435 1035 1479 deposcit
1070 1447 1130 1466 nos
1162 1433 1260 1466 etiam
1293 1434 1333 1465 de

219 1496 326 1528 anima
351 1497 546 1539 generaliter
569 1498 749 1542 inquirere,
787 1506 819 1528 et
841 1497 881 1528 ab
906 1495 1118 1528 inferioribus
1140 1495 1337 1539 incipientes

221 1559 260 1590 ad
291 1559 463 1603 superiora
500 1560 731 1591 conscendere.
784 1558 865 1590 Esse
896 1571 1038 1602 namque
1068 1557 1192 1589 animas
1216 1556 1249 1588 in
1272 1556 1338 1588 sin-

221 1619 305 1660 gulis
334 1621 519 1666 quibusque
543 1620 757 1659 animalibus,
793 1619 891 1652 etiam
916 1620 950 1652 in
975 1619 1039 1658 his,
1075 1631 1158 1663 quae
1188 1617 1222 1650 in
1242 1616 1338 1662 aquis

320 1773 348 1815 ¹)
373 1772 419 1805 Ita
452 1774 529 1806 Mss.
565 1773 652 1805 Alias
686 1774 731 1817 (v.
759 1786 784 1806 c.
812 1773 845 1805 in
871 1772 946 1804 edd.
974 1770 1035 1815 Μ.)
1070 1771 1180 1814 „apud
1203 1770 1336 1802 Patrem

224 1826 386 1856 nostrum,
410 1819 523 1850 Jesum
550 1817 730 1856 Christum,
755 1828 787 1850 et
810 1819 880 1863 ipse
906 1820 974 1849 est“
1001 1825 1063 1849 etc.
1089 1816 1129 1848 R.

313 1873 346 1916 ²)
371 1873 475 1906 Deest
501 1874 593 1915 „hic“
620 1874 652 1906 in
679 1875 752 1906 edd.
778 1874 825 1906 M.

317 1930 348 1971 ³)
375 1929 444 1962 Cfr.
477 1930 526 1961 ed.
553 1931 681 1974 Redep.
712 1943 784 1975 pag.
808 1929 884 1964 205.
915 1939 984 1961 not.
1009 1927 1064 1963 39.
1098 1927 1175 1960 coll.
1202 1927 1336 1969 Origen.

226 1973 351 2006 Homil.
378 1975 450 2008 Vll.
475 1974 508 2006 in
532 1975 668 2008 Levitic.
800 1975 832 2019 ⁴¹)
860 1976 872 2006 l
896 1975 1017 2007 Joann.
1044 1974 1086 2012 ll,
1109 1974 1140 2006 2.

317 2030 349 2072 5)
374 2030 429 2062 Sic
453 2031 531 2064 Mss.
558 2032 647 2064 Alias
670 2032 714 2075 (v.
733 2045 759 2064 c.
778 2031 811 2063 in
830 2031 906 2063 edd.
924 2030 989 2068 Μ.)
1017 2029 1235 2073 „deprecatur
1251 2027 1338 2060 enirn

225 2095 266 2099 —
293 2075 436 2118 peccatis
459 2078 589 2109 nostris.
637 2078 689 2109 De
714 2076 862 2120 Spiritu“
889 2085 951 2110 etc.
976 2075 1015 2109 R.

318 2130 351 2172 6)
374 2131 478 2162 Deest
503 2131 534 2164 in
559 2142 652 2165 antea
678 2132 774 2165 editis
800 2134 844 2176 (v,
871 2144 898 2165 c.
925 2131 998 2163 edd.
1020 2131 1094 2174 M.),
1119 2130 1174 2162 sed
1199 2130 1340 2162 habetur

227 2176 260 2208 in
277 2176 354 2208 Mss.
374 2177 615 2216 „consolatonu
637 2179 676 2211 R.
691 2198 729 2203 —-
749 2178 816 2210 Csr.
836 2177 886 2208 ed.
907 2176 1032 2219 Redep.
1050 2188 1121 2219 pag.
1138 2175 1212 2209 206.
1231 2173 1337 2206 not-(5-

320 2231 352 2275 7)
377 2232 433 2264 δὶς
459 2231 536 2264 Mss.
562 2233 653 2265 Libri
679 2233 757 2265 editi
777 2234 821 2275 (v.
840 2246 868 2265 c.
887 2232 960 2265 edd.
982 2232 1044 2275 Μ.)
1071 2231 1209 2276 „quibus
1235 2229 1337 2274 aperit

231 2287 261 2309 ct
285 2278 429 2310 1·evelat“
456 2286 517 2310 etc.
544 2278 581 2310 R.
706 2280 739 2321 ⁵)
763 2278 847 2310 Edd.
875 2278 922 2310 M.
950 2277 1064 2310 »hoc.“
