1404 2463
197 82 260 117 174
670 83 846 115 Omcnffls

195 174 236 205 ab
267 172 324 212 iis,
358 180 391 204 et
421 172 527 204 malos
559 172 701 204 colonos
725 172 810 205 male
835 171 1004 216 perditum
1029 172 1180 217 dedisse,
1219 183 1250 205 et
1278 174 1325 206 vi-

194 248 292 267 neam
323 234 454 267 colonis
489 232 562 266 aliis
592 234 785 272 tradidisse,
825 234 881 278 qui
915 234 1096 266 redderent
1120 234 1150 266 ei
1178 235 1323 267 fructum

194 296 229 329 in
260 305 414 341 tempore
439 308 510 328 suo,
558 296 626 329 Sed
653 305 685 328 et
716 296 795 328 illos
828 296 933 335 cives,
969 297 1044 340 qui,
1078 296 1234 339 profecto
1267 310 1325 340 pa-

194 358 392 391 trefamilias
416 357 569 402 accipere
586 358 616 401 ¹)
641 357 705 390 sibi
728 370 885 400 regnum,
912 358 1038 399 legatos
1063 356 1224 389 miserunt
1247 366 1325 401 post

195 434 289 461 eum,
321 421 486 453 dicentes:
527 419 759 463 „Nolumus²)
794 432 869 451 eum
909 431 1044 460 regnare
1079 431 1183 462 super
1216 431 1322 451 nosz«

193 483 372 527 impetrato
405 495 507 524 regno
540 494 702 523 regressus
715 483 748 523 ⁴³)
773 480 1014 525 paterfamilias
1039 489 1072 513 et
1095 481 1199 512 iratus
1223 471 1326 512 inter-

193 544 249 577 fici
275 557 386 577 coram
413 557 447 576 se
473 544 574 588 jubet,
601 552 633 575 et
662 543 829 575 civitatem
855 556 973 592 eorun)
999 542 1074 584 igne
1100 541 1275 574 consumit.
1291 541 1324 584 ¹²)

193 606 261 640 Sed
286 614 319 638 et
341 618 402 650 nos
426 606 495 638 sive
519 606 553 638 in
580 605 683 637 veteri
709 605 939 643 Testamento,
970 604 1038 636 sive
1063 603 1096 636 in
1121 616 1223 643 novo,
1248 616 1323 635 cum

194 670 236 701 de
269 669 317 701 ira
341 668 407 700 Dei
442 668 598 710 legimus,
632 668 744 709 n0n⁵)
770 667 952 698 secundum
979 665 1130 704 literam,
1165 678 1250 709 quae
1275 664 1326 697 di·

194 739 331 770 cuntur,
365 730 587 770 advertimus,
618 730 676 761 sed
707 728 915 772 spiritualem
947 727 1158 760 intellectum
1183 726 1325 771 requiri—

192 805 266 824 mus
290 791 323 824 in
348 791 479 831 talibus,
503 801 540 823 ut
565 793 608 823 ita
633 790 825 830 sentiamus,
855 791 940 822 sicut
965 788 1153 830 intelligere
1179 789 1220 820 de
1245 788 1321 820 Deo

192 853 329 895 dignum
355 862 413 886 est.
460 853 513 885 De
548 853 668 897 quibus
692 853 876 884 secundum
901 851 1100 895 parvitatem
1123 863 1238 883 sensus
1261 862 1322 882 no·

191 916 267 955 stri,
300 928 376 947 cum
407 914 545 947 secundi
570 914 696 948 Psalmi
721 926 963 958 exponeremus
988 913 1083 945 illum
1110 912 1322 950 versiculum,

190 979 223 1009 in
237 978 269 1021 6)
295 990 363 1021 quo
389 976 451 1009 nit:
486 976 648 1019 »Tunc⁷)
675 976 833 1020 loquetur
856 975 896 1007 ad
922 988 979 1006 eos
1005 974 1039 1006 iu
1063 975 1110 1007 ira
1134 988 1210 1013 sua,
1233 984 1265 1006 et
1289 974 1321 1006 in

158 1067 160 1069 ,
190 1040 306 1071 surore
331 1052 391 1070 suo
417 1038 632 1070 conturbabit
656 1050 757 1070 eos:«
784 1046 887 1080 prout
904 1036 1080 1081 potuimus
1098 1037 1241 1081 qualiter
1258 1037 1321 1068 hoc

191 1100 331 1143 intelligi
357 1101 514 1140 deberet,
537 1100 754 1133 ostendimus.

426 1341 666 1381 CAPUT
727 1339 1084 1388 QUINTUM.

558 1441 609 1472 De
634 1439 721 1484 justo
748 1449 780 1471 et
803 1441 904 1472 bono.
920 1439 953 1482 Β)

282 1530 309 1565 1.
358 1531 485 1563 Verum
517 1530 674 1574 quoniam
688 1528 721 1574 ⁹)
752 1538 867 1561 movet
901 1528 1000 1560 etiam
1030 1528 1190 1571 istud¹⁰)
1221 1540 1319 1572 quos-

192 1594 286 1632 dam,
318 1593 411 1637 quod
443 1592 612 1637 principes
644 1591 738 1624 istius
760 1591 903 1624 haeresis
928 1589 1128 1622 divisionem
1153 1590 1319 1634 quandam

191 1747 244 1768 tur
268 1756 310 1761 ——
335 1737 376 1768 ab
400 1736 457 1776 iis,
484 1747 516 1769 et
542 1757 581 1762 —
607 1737 694 1768 male
719 1735 919 1779 perdidisse,
945 1744 1028 1766 et—
1044 1734 1236 1774 tradidisse,
1261 1735 1317 1779 qui

192 1801 230 1806 —-
258 1782 386 1814 fructus
410 1781 465 1814 in“
493 1791 555 1815 etc.
581 1782 660 1814 Mss.
683 1791 721 1813 ut
743 1782 778 1813 in
801 1789 917 1813 nostro
942 1789 1044 1813 textu.
1070 1780 1110 1812 R.

286 1839 318 1882 ¹)
341 1838 404 1870 Ed.
430 1838 479 1872 M.
504 1839 545 1870 ll.
573 1841 785 1882 ‚‚accepere.“
888 1836 922 1878 2)
948 1836 1030 1869 Luc.
1053 1835 1148 1875 XIX,
1175 1835 1226 1869 14,

281 1895 316 1937 ³)
342 1895 389 1928 lta
413 1894 492 1927 Mss.
518 1894 610 1926 Alias
636 1894 682 1938 (v.
709 1906 732 1926 c.
759 1892 794 1925 in
818 1892 894 1924 edd.
920 1892 986 1935 M.)
1010 1892 1226 1933 „ingressus.“
1254 1891 1292 1925 R.

282 1950 315 1994 4)
343 1950 399 1983 Sic
425 1950 505 1983 Mss.
530 1950 622 1982 Libri
646 1949 728 1982 editi
753 1950 799 1993 (v.
817 1961 844 1981 c.
863 1948 941 1982 edd.
960 1948 1025 1991 M.)
1052 1947 1256 1988 ‚,cousumi.“
1275 1947 1315 1979 R.

282 2005 315 2048 ⁵)
343 2006 411 2039 Csr.
438 2006 488 2037 ed.
514 2006 643 2049 Redep.
670 2018 744 2050 pag.
771 2003 846 2038 186.
869 2013 941 2038 not.
966 2002 1018 2038 13.

282 2062 317 2106 ⁶)
341 2061 583 2093 Desiderantur
612 2061 646 2092 in
678 2070 772 2093 antea
797 2059 896 2093 editis
921 2060 967 2103 (v.
992 2071 1020 2092 c.
1045 2059 1121 2094 edd.
1147 2059 1224 2103 M),
1255 2059 1314 2091 sed

189 2107 352 2139 habentur
375 2106 409 2138 iu
433 2106 513 2138 Mss.
540 2107 655 2138 verba:
681 2106 737 2148 „in
761 2119 828 2150 quo
854 2105 929 2139 aim<
958 2105 997 2137 R.

283 2162 316 2206 ⁷)
340 2162 462 2194 Psalm.
488 2163 531 2200 ll,
557 2162 587 2195 5.

283 2218 317 2261 ⁸)
343 2218 412 2251 Cfr.
439 2219 489 2250 ed.
514 2219 644 2262 Redep.
669 2231 741 2262 pag.
769 2218 842 2253 186.
868 2227 938 2251 not.
963 2217 1024 2250 ult.

283 2275 317 2318 ⁹)
343 2274 428 2306 Edd.
454 2274 500 2307 Μ.
529 2275 755 2317 »quomodo.“
856 2274 907 2316 ¹⁰)
933 2273 1020 2306 Edd.
1046 2273 1093 2305 M.
1120 2271 1257 2304 »illud.“
