<?xml version="1.0" encoding="UTF-8"?>
<!DOCTYPE html PUBLIC "-//W3C//DTD XHTML 1.0 Transitional//EN"
    "http://www.w3.org/TR/xhtml1/DTD/xhtml1-transitional.dtd">
<html xmlns="http://www.w3.org/1999/xhtml" xml:lang="en" lang="en">
 <head>
  <title>
</title>
<meta http-equiv="Content-Type" content="text/html;charset=utf-8" />
  <meta name='ocr-system' content='tesseract 3.04.00' />
  <meta name='ocr-capabilities' content='ocr_page ocr_carea ocr_par ocr_line ocrx_word'/>
</head>
<body>
  <div class='ocr_page' id='page_1' title='image "./operaomniaquaegr21orig/operaomniaquaegr21orig_0087.png"; bbox 0 0 1404 2463; ppageno 0'>
   <div class='ocr_carea' id='block_1_1' title="bbox 0 286 3 1127">
    <p class='ocr_par' dir='ltr' id='par_1_1' title="bbox 0 286 3 1127">
     <span class='ocr_line' id='line_1_1' title="bbox 0 286 3 1127; baseline 0 0"><span class='ocrx_word' id='word_1_1' title='bbox 0 286 3 1127; x_wconf 95' lang='lat' dir='ltr'><strong> </strong></span> 
     </span>
    </p>
   </div>
   <div class='ocr_carea' id='block_1_2' title="bbox 1 1486 4 1989">
    <p class='ocr_par' dir='ltr' id='par_1_2' title="bbox 1 1486 4 1989">
     <span class='ocr_line' id='line_1_2' title="bbox 1 1486 4 1989; baseline 0 0"><span class='ocrx_word' id='word_1_2' title='bbox 1 1486 4 1989; x_wconf 95' lang='lat' dir='ltr'><strong> </strong></span> 
     </span>
    </p>
   </div>
   <div class='ocr_carea' id='block_1_3' title="bbox 415 117 1196 153">
    <p class='ocr_par' dir='ltr' id='par_1_3' title="bbox 415 117 1196 153">
     <span class='ocr_line' id='line_1_3' title="bbox 415 117 1196 153; baseline 0.001 -2"><span class='ocrx_word' id='word_1_3' title='bbox 415 129 460 152; x_wconf 77' lang='lat' dir='ltr'><strong>DE</strong></span> <span class='ocrx_word' id='word_1_4' title='bbox 485 119 678 153; x_wconf 73' lang='lat' dir='ltr'><strong>ancwns</strong></span> <span class='ocrx_word' id='word_1_5' title='bbox 702 120 813 151; x_wconf 64' lang='lat' dir='ltr'><strong>Lmen</strong></span> <span class='ocrx_word' id='word_1_6' title='bbox 841 118 862 151; x_wconf 91' lang='grc' dir='ltr'>Ι.</span> <span class='ocrx_word' id='word_1_7' title='bbox 1154 117 1196 152; x_wconf 77' lang='grc'><strong>73</strong></span> 
     </span>
    </p>
   </div>
   <div class='ocr_carea' id='block_1_4' title="bbox 76 206 1199 1298">
    <p class='ocr_par' dir='ltr' id='par_1_4' title="bbox 76 206 1199 1298">
     <span class='ocr_line' id='line_1_4' title="bbox 78 206 1197 252; baseline 0.001 -13"><span class='ocrx_word' id='word_1_8' title='bbox 78 219 138 239; x_wconf 88' lang='lat' dir='ltr'><strong>nec</strong></span> <span class='ocrx_word' id='word_1_9' title='bbox 162 206 204 239; x_wconf 81' lang='lat' dir='ltr'><strong>sit</strong></span> <span class='ocrx_word' id='word_1_10' title='bbox 227 207 297 240; x_wconf 77' lang='lat' dir='ltr'><strong>ulla</strong></span> <span class='ocrx_word' id='word_1_11' title='bbox 321 217 479 248; x_wconf 79' lang='lat' dir='ltr'><strong>creatura,</strong></span> <span class='ocrx_word' id='word_1_12' title='bbox 503 220 585 252; x_wconf 85' lang='lat' dir='ltr'><strong>quae</strong></span> <span class='ocrx_word' id='word_1_13' title='bbox 609 220 677 240; x_wconf 90' lang='lat' dir='ltr'><strong>non</strong></span> <span class='ocrx_word' id='word_1_14' title='bbox 702 208 743 240; x_wconf 82' lang='lat' dir='ltr'><strong>ab</strong></span> <span class='ocrx_word' id='word_1_15' title='bbox 768 220 808 240; x_wconf 88' lang='lat' dir='ltr'><strong>eo</strong></span> <span class='ocrx_word' id='word_1_16' title='bbox 834 208 898 240; x_wconf 85' lang='lat' dir='ltr'><strong>hoc</strong></span> <span class='ocrx_word' id='word_1_17' title='bbox 922 207 1031 251; x_wconf 81' lang='lat' dir='ltr'><strong>ipsum</strong></span> <span class='ocrx_word' id='word_1_18' title='bbox 1056 217 1091 239; x_wconf 91' lang='lat' dir='ltr'><strong>ut</strong></span> <span class='ocrx_word' id='word_1_19' title='bbox 1111 216 1197 240; x_wconf 84' lang='lat' dir='ltr'><strong>esset</strong></span> 
     </span>
     <span class='ocr_line' id='line_1_5' title="bbox 77 268 1197 313; baseline 0.001 -13"><span class='ocrx_word' id='word_1_20' title='bbox 77 268 255 313; x_wconf 84' lang='lat' dir='ltr'><strong>acceperit,</strong></span> <span class='ocrx_word' id='word_1_21' title='bbox 280 283 317 302; x_wconf 84' lang='lat' dir='ltr'><strong>ex</strong></span> <span class='ocrx_word' id='word_1_22' title='bbox 341 269 454 302; x_wconf 78' lang='lat' dir='ltr'><strong>multis</strong></span> <span class='ocrx_word' id='word_1_23' title='bbox 478 269 670 313; x_wconf 86' lang='lat' dir='ltr'><strong>Scripturae</strong></span> <span class='ocrx_word' id='word_1_24' title='bbox 695 268 931 301; x_wconf 70' lang='lat' dir='ltr'>assertionibus</span> <span class='ocrx_word' id='word_1_25' title='bbox 947 269 1197 313; x_wconf 86' lang='lat' dir='ltr'><strong>comprobatur,</strong></span> 
     </span>
     <span class='ocr_line' id='line_1_6' title="bbox 78 329 1198 376; baseline 0.001 -15"><span class='ocrx_word' id='word_1_26' title='bbox 78 329 258 374; x_wconf 82' lang='lat' dir='ltr'><strong>repudiatis</strong></span> <span class='ocrx_word' id='word_1_27' title='bbox 281 340 378 376; x_wconf 86' lang='lat' dir='ltr'><strong>atque</strong></span> <span class='ocrx_word' id='word_1_28' title='bbox 403 330 552 375; x_wconf 73' lang='lat' dir='ltr'>depulsis</span> <span class='ocrx_word' id='word_1_29' title='bbox 577 330 637 370; x_wconf 82' lang='lat' dir='ltr'><strong>his,</strong></span> <span class='ocrx_word' id='word_1_30' title='bbox 662 344 746 376; x_wconf 82' lang='lat' dir='ltr'><strong>quae</strong></span> <span class='ocrx_word' id='word_1_31' title='bbox 772 345 790 364; x_wconf 83' lang='lat' dir='ltr'><strong>a</strong></span> <span class='ocrx_word' id='word_1_32' title='bbox 807 330 1003 375; x_wconf 83' lang='lat' dir='ltr'><strong>quibusdam</strong></span> <span class='ocrx_word' id='word_1_33' title='bbox 1023 330 1108 363; x_wconf 82' lang='lat' dir='ltr'><strong>falso</strong></span> <span class='ocrx_word' id='word_1_34' title='bbox 1122 344 1198 374; x_wconf 81' lang='lat' dir='ltr'><strong>per-</strong></span> 
     </span>
     <span class='ocr_line' id='line_1_7' title="bbox 76 390 1198 433; baseline 0.001 -10"><span class='ocrx_word' id='word_1_35' title='bbox 76 390 242 431; x_wconf 77' lang='lat' dir='ltr'><strong>hibentur,</strong></span> <span class='ocrx_word' id='word_1_36' title='bbox 266 393 320 424; x_wconf 73' lang='lat' dir='ltr'><strong>vel</strong></span> <span class='ocrx_word' id='word_1_37' title='bbox 343 393 384 424; x_wconf 86' lang='lat' dir='ltr'><strong>de</strong></span> <span class='ocrx_word' id='word_1_38' title='bbox 407 391 545 424; x_wconf 80' lang='lat' dir='ltr'><strong>materia</strong></span> <span class='ocrx_word' id='word_1_39' title='bbox 568 392 643 424; x_wconf 89' lang='lat' dir='ltr'><strong>Deo</strong></span> <span class='ocrx_word' id='word_1_40' title='bbox 669 402 863 432; x_wconf 79' lang='lat' dir='ltr'><strong>coaeterna,</strong></span> <span class='ocrx_word' id='word_1_41' title='bbox 893 391 946 423; x_wconf 84' lang='lat' dir='ltr'><strong>vel</strong></span> <span class='ocrx_word' id='word_1_42' title='bbox 977 392 1019 424; x_wconf 85' lang='lat' dir='ltr'><strong>de</strong></span> <span class='ocrx_word' id='word_1_43' title='bbox 1043 391 1198 433; x_wconf 78' lang='lat' dir='ltr'><strong>ingenitis</strong></span> 
     </span>
     <span class='ocr_line' id='line_1_8' title="bbox 77 452 1196 498; baseline 0.001 -15"><span class='ocrx_word' id='word_1_44' title='bbox 77 452 266 493; x_wconf 77' lang='lat' dir='ltr'>animabus,</span> <span class='ocrx_word' id='word_1_45' title='bbox 297 453 415 498; x_wconf 86' lang='lat' dir='ltr'><strong>quibus</strong></span> <span class='ocrx_word' id='word_1_46' title='bbox 432 454 461 498; x_wconf 91' lang='lat'><strong>¹)</strong></span> <span class='ocrx_word' id='word_1_47' title='bbox 493 466 560 486; x_wconf 90' lang='lat' dir='ltr'><strong>non</strong></span> <span class='ocrx_word' id='word_1_48' title='bbox 585 463 651 486; x_wconf 82' lang='lat' dir='ltr'><strong>tam</strong></span> <span class='ocrx_word' id='word_1_49' title='bbox 674 453 874 487; x_wconf 82' lang='lat' dir='ltr'><strong>subsistendi</strong></span> <span class='ocrx_word' id='word_1_50' title='bbox 898 462 1066 493; x_wconf 84' lang='lat' dir='ltr'><strong>naturam,</strong></span> <span class='ocrx_word' id='word_1_51' title='bbox 1097 466 1196 497; x_wconf 81' lang='lat' dir='ltr'><strong>quam</strong></span> 
     </span>
     <span class='ocr_line' id='line_1_9' title="bbox 78 514 1196 559; baseline 0.001 -14"><span class='ocrx_word' id='word_1_52' title='bbox 78 514 308 558; x_wconf 78' lang='lat' dir='ltr'><strong>aequalitatem</strong></span> <span class='ocrx_word' id='word_1_53' title='bbox 321 514 354 558; x_wconf 79' lang='lat'><strong>²)</strong></span> <span class='ocrx_word' id='word_1_54' title='bbox 396 523 495 559; x_wconf 88' lang='lat' dir='ltr'><strong>atque</strong></span> <span class='ocrx_word' id='word_1_55' title='bbox 530 516 684 548; x_wconf 81' lang='lat' dir='ltr'><strong>ordinem</strong></span> <span class='ocrx_word' id='word_1_56' title='bbox 729 528 747 548; x_wconf 86' lang='lat' dir='ltr'><strong>a</strong></span> <span class='ocrx_word' id='word_1_57' title='bbox 781 515 857 547; x_wconf 87' lang='lat' dir='ltr'><strong>Deo</strong></span> <span class='ocrx_word' id='word_1_58' title='bbox 896 514 1032 547; x_wconf 85' lang='lat' dir='ltr'><strong>insitum</strong></span> <span class='ocrx_word' id='word_1_59' title='bbox 1067 514 1196 546; x_wconf 86' lang='lat' dir='ltr'><strong>volunt.</strong></span> 
     </span>
     <span class='ocr_line' id='line_1_10' title="bbox 77 575 1198 621; baseline 0.001 -14"><span class='ocrx_word' id='word_1_60' title='bbox 77 576 161 607; x_wconf 82' lang='lat' dir='ltr'><strong>Nam</strong></span> <span class='ocrx_word' id='word_1_61' title='bbox 187 575 273 608; x_wconf 81' lang='lat' dir='ltr'><strong>etin</strong></span> <span class='ocrx_word' id='word_1_62' title='bbox 299 588 338 608; x_wconf 89' lang='lat' dir='ltr'><strong>eo</strong></span> <span class='ocrx_word' id='word_1_63' title='bbox 361 575 496 615; x_wconf 85' lang='lat' dir='ltr'><strong>libello,</strong></span> <span class='ocrx_word' id='word_1_64' title='bbox 528 576 627 621; x_wconf 79' lang='lat' dir='ltr'><strong>qui³)</strong></span> <span class='ocrx_word' id='word_1_65' title='bbox 662 575 806 609; x_wconf 73' lang='lat' dir='ltr'><strong>Pastoris</strong></span> <span class='ocrx_word' id='word_1_66' title='bbox 838 575 960 608; x_wconf 83' lang='lat' dir='ltr'><strong>dicitur</strong></span> <span class='ocrx_word' id='word_1_67' title='bbox 984 576 1091 618; x_wconf 83' lang='lat' dir='ltr'><strong>angeli</strong></span> <span class='ocrx_word' id='word_1_68' title='bbox 1116 589 1198 620; x_wconf 81' lang='lat' dir='ltr'><strong>poc-</strong></span> 
     </span>
     <span class='ocr_line' id='line_1_11' title="bbox 77 635 1196 682; baseline 0.001 -14"><span class='ocrx_word' id='word_1_69' title='bbox 77 635 254 677; x_wconf 79' lang='lat' dir='ltr'><strong>nitentiae,</strong></span> <span class='ocrx_word' id='word_1_70' title='bbox 278 650 377 681; x_wconf 87' lang='lat' dir='ltr'><strong>quem</strong></span> <span class='ocrx_word' id='word_1_71' title='bbox 402 635 541 670; x_wconf 76' lang='lat' dir='ltr'><strong>Hermas</strong></span> <span class='ocrx_word' id='word_1_72' title='bbox 566 637 780 682; x_wconf 85' lang='lat' dir='ltr'><strong>conscripsit,</strong></span> <span class='ocrx_word' id='word_1_73' title='bbox 802 638 847 670; x_wconf 84' lang='lat' dir='ltr'><strong>ita</strong></span> <span class='ocrx_word' id='word_1_74' title='bbox 871 637 1031 670; x_wconf 76' lang='lat' dir='ltr'><strong>refertur:</strong></span> <span class='ocrx_word' id='word_1_75' title='bbox 1058 637 1196 678; x_wconf 80' lang='lat' dir='ltr'><strong>„Primo</strong></span> 
     </span>
     <span class='ocr_line' id='line_1_12' title="bbox 79 697 1195 744; baseline 0.003 -15"><span class='ocrx_word' id='word_1_76' title='bbox 79 697 230 730; x_wconf 79' lang='lat' dir='ltr'><strong>omnium</strong></span> <span class='ocrx_word' id='word_1_77' title='bbox 256 699 366 739; x_wconf 80' lang='lat' dir='ltr'><strong>crede,</strong></span> <span class='ocrx_word' id='word_1_78' title='bbox 391 699 466 744; x_wconf 85' lang='lat' dir='ltr'><strong>quia</strong></span> <span class='ocrx_word' id='word_1_79' title='bbox 478 699 511 744; x_wconf 78' lang='lat'><strong>⁴)</strong></span> <span class='ocrx_word' id='word_1_80' title='bbox 534 712 620 732; x_wconf 82' lang='lat' dir='ltr'><strong>unus</strong></span> <span class='ocrx_word' id='word_1_81' title='bbox 645 707 693 732; x_wconf 83' lang='lat' dir='ltr'><strong>est</strong></span> <span class='ocrx_word' id='word_1_82' title='bbox 716 700 828 739; x_wconf 81' lang='lat' dir='ltr'><strong>Deus,</strong></span> <span class='ocrx_word' id='word_1_83' title='bbox 852 700 910 744; x_wconf 84' lang='lat' dir='ltr'><strong>qui</strong></span> <span class='ocrx_word' id='word_1_84' title='bbox 935 699 1047 732; x_wconf 78' lang='lat' dir='ltr'><strong>omnia</strong></span> <span class='ocrx_word' id='word_1_85' title='bbox 1074 700 1195 733; x_wconf 87' lang='lat' dir='ltr'><strong>creavit</strong></span> 
     </span>
     <span class='ocr_line' id='line_1_13' title="bbox 77 760 1197 805; baseline 0.003 -14"><span class='ocrx_word' id='word_1_86' title='bbox 77 768 175 803; x_wconf 80' lang='lat' dir='ltr'><strong>atque</strong></span> <span class='ocrx_word' id='word_1_87' title='bbox 200 760 407 805; x_wconf 79' lang='lat' dir='ltr'><strong>composuit:</strong></span> <span class='ocrx_word' id='word_1_88' title='bbox 444 760 502 805; x_wconf 90' lang='lat' dir='ltr'><strong>qui</strong></span> <span class='ocrx_word' id='word_1_89' title='bbox 531 774 605 793; x_wconf 88' lang='lat' dir='ltr'><strong>cum</strong></span> <span class='ocrx_word' id='word_1_90' title='bbox 630 760 713 793; x_wconf 78' lang='lat' dir='ltr'><strong>nihil</strong></span> <span class='ocrx_word' id='word_1_91' title='bbox 738 770 821 793; x_wconf 87' lang='lat' dir='ltr'><strong>esset</strong></span> <span class='ocrx_word' id='word_1_92' title='bbox 844 760 953 805; x_wconf 86' lang='lat' dir='ltr'><strong>prius,</strong></span> <span class='ocrx_word' id='word_1_93' title='bbox 978 774 1047 793; x_wconf 86' lang='lat' dir='ltr'><strong>esse</strong></span> <span class='ocrx_word' id='word_1_94' title='bbox 1062 762 1093 805; x_wconf 89' lang='lat'><strong>⁵)</strong></span> <span class='ocrx_word' id='word_1_95' title='bbox 1118 761 1197 795; x_wconf 81' lang='lat' dir='ltr'><strong>fecit</strong></span> 
     </span>
     <span class='ocr_line' id='line_1_14' title="bbox 79 821 1199 868; baseline 0.003 -16"><span class='ocrx_word' id='word_1_96' title='bbox 79 821 210 854; x_wconf 84' lang='lat' dir='ltr'><strong>omnia:</strong></span> <span class='ocrx_word' id='word_1_97' title='bbox 235 822 291 866; x_wconf 86' lang='lat' dir='ltr'><strong>qui</strong></span> <span class='ocrx_word' id='word_1_98' title='bbox 318 832 366 855; x_wconf 84' lang='lat' dir='ltr'><strong>est</strong></span> <span class='ocrx_word' id='word_1_99' title='bbox 391 823 503 856; x_wconf 81' lang='lat' dir='ltr'><strong>omnia</strong></span> <span class='ocrx_word' id='word_1_100' title='bbox 529 823 679 868; x_wconf 84' lang='lat' dir='ltr'><strong>capiens,</strong></span> <span class='ocrx_word' id='word_1_101' title='bbox 709 822 781 867; x_wconf 86' lang='lat' dir='ltr'><strong>ipse</strong></span> <span class='ocrx_word' id='word_1_102' title='bbox 806 836 884 855; x_wconf 87' lang='lat' dir='ltr'><strong>vero</strong></span> <span class='ocrx_word' id='word_1_103' title='bbox 909 835 927 855; x_wconf 82' lang='lat' dir='ltr'><strong>a</strong></span> <span class='ocrx_word' id='word_1_104' title='bbox 950 822 1083 855; x_wconf 81' lang='lat' dir='ltr'><strong>nemine</strong></span> <span class='ocrx_word' id='word_1_105' title='bbox 1108 823 1199 868; x_wconf 75' lang='lat' dir='ltr'><strong>capi-</strong></span> 
     </span>
     <span class='ocr_line' id='line_1_15' title="bbox 76 883 1197 930; baseline 0.004 -17"><span class='ocrx_word' id='word_1_106' title='bbox 76 885 162 914; x_wconf 86' lang='lat' dir='ltr'><strong>tur.“</strong></span> <span class='ocrx_word' id='word_1_107' title='bbox 209 884 278 917; x_wconf 87' lang='lat' dir='ltr'><strong>Sed</strong></span> <span class='ocrx_word' id='word_1_108' title='bbox 309 893 342 917; x_wconf 92' lang='lat' dir='ltr'><strong>et</strong></span> <span class='ocrx_word' id='word_1_109' title='bbox 375 884 408 917; x_wconf 92' lang='lat' dir='ltr'><strong>in</strong></span> <span class='ocrx_word' id='word_1_110' title='bbox 431 885 549 917; x_wconf 79' lang='lat' dir='ltr'><strong>Enoch</strong></span> <span class='ocrx_word' id='word_1_111' title='bbox 561 886 594 930; x_wconf 81' lang='lat'><strong>⁶)</strong></span> <span class='ocrx_word' id='word_1_112' title='bbox 620 885 708 917; x_wconf 85' lang='lat' dir='ltr'><strong>libro</strong></span> <span class='ocrx_word' id='word_1_113' title='bbox 734 884 783 918; x_wconf 82' lang='lat' dir='ltr'><strong>his</strong></span> <span class='ocrx_word' id='word_1_114' title='bbox 807 883 928 916; x_wconf 85' lang='lat' dir='ltr'><strong>similia</strong></span> <span class='ocrx_word' id='word_1_115' title='bbox 952 884 1197 917; x_wconf 82' lang='lat' dir='ltr'><strong>describuntur.</strong></span> 
     </span>
     <span class='ocr_line' id='line_1_16' title="bbox 77 943 1196 991; baseline 0.003 -16"><span class='ocrx_word' id='word_1_116' title='bbox 77 943 314 978; x_wconf 81' lang='lat' dir='ltr'>Verumtamen</span> <span class='ocrx_word' id='word_1_117' title='bbox 328 946 360 990; x_wconf 88' lang='lat'><strong>⁷)</strong></span> <span class='ocrx_word' id='word_1_118' title='bbox 392 959 495 990; x_wconf 91' lang='lat' dir='ltr'><strong>usque</strong></span> <span class='ocrx_word' id='word_1_119' title='bbox 528 947 569 979; x_wconf 81' lang='lat' dir='ltr'><strong>ad</strong></span> <span class='ocrx_word' id='word_1_120' title='bbox 605 959 758 991; x_wconf 83' lang='lat' dir='ltr'><strong>praesens</strong></span> <span class='ocrx_word' id='word_1_121' title='bbox 788 946 917 979; x_wconf 77' lang='lat' dir='ltr'><strong>nultum</strong></span> <span class='ocrx_word' id='word_1_122' title='bbox 949 959 1136 979; x_wconf 80' lang='lat' dir='ltr'><strong>sermonem</strong></span> <span class='ocrx_word' id='word_1_123' title='bbox 1162 946 1196 979; x_wconf 85' lang='lat' dir='ltr'><strong>in</strong></span> 
     </span>
     <span class='ocr_line' id='line_1_17' title="bbox 77 1005 1198 1052; baseline 0.002 -15"><span class='ocrx_word' id='word_1_124' title='bbox 77 1005 218 1051; x_wconf 84' lang='lat' dir='ltr'><strong>Scriptis</strong></span> <span class='ocrx_word' id='word_1_125' title='bbox 240 1007 359 1040; x_wconf 85' lang='lat' dir='ltr'><strong>sanctis</strong></span> <span class='ocrx_word' id='word_1_126' title='bbox 384 1007 532 1040; x_wconf 82' lang='lat' dir='ltr'><strong>invenire</strong></span> <span class='ocrx_word' id='word_1_127' title='bbox 556 1008 737 1052; x_wconf 81' lang='lat' dir='ltr'><strong>potuimus,</strong></span> <span class='ocrx_word' id='word_1_128' title='bbox 762 1021 821 1052; x_wconf 87' lang='lat' dir='ltr'><strong>per</strong></span> <span class='ocrx_word' id='word_1_129' title='bbox 841 1020 939 1052; x_wconf 81' lang='lat' dir='ltr'><strong>quern</strong></span> <span class='ocrx_word' id='word_1_130' title='bbox 958 1007 1102 1052; x_wconf 80' lang='lat' dir='ltr'><strong>Spiritus</strong></span> <span class='ocrx_word' id='word_1_131' title='bbox 1124 1021 1198 1040; x_wconf 81' lang='lat' dir='ltr'><strong>san-</strong></span> 
     </span>
     <span class='ocr_line' id='line_1_18' title="bbox 79 1068 1197 1114; baseline 0.002 -16"><span class='ocrx_word' id='word_1_132' title='bbox 79 1076 149 1099; x_wconf 88' lang='lat' dir='ltr'><strong>ctus</strong></span> <span class='ocrx_word' id='word_1_133' title='bbox 173 1068 300 1101; x_wconf 70' lang='lat' dir='ltr'><strong>factura</strong></span> <span class='ocrx_word' id='word_1_134' title='bbox 324 1082 392 1102; x_wconf 88' lang='lat' dir='ltr'><strong>esse</strong></span> <span class='ocrx_word' id='word_1_135' title='bbox 417 1069 469 1101; x_wconf 88' lang='lat' dir='ltr'><strong>vel</strong></span> <span class='ocrx_word' id='word_1_136' title='bbox 494 1079 642 1101; x_wconf 83' lang='lat' dir='ltr'><strong>creatura</strong></span> <span class='ocrx_word' id='word_1_137' title='bbox 667 1069 852 1108; x_wconf 77' lang='lat' dir='ltr'>diceretur,</span> <span class='ocrx_word' id='word_1_138' title='bbox 881 1081 922 1101; x_wconf 88' lang='lat' dir='ltr'><strong>ne</strong></span> <span class='ocrx_word' id='word_1_139' title='bbox 934 1068 967 1114; x_wconf 76' lang='grc' dir='ltr'><strong>Θ)</strong></span> <span class='ocrx_word' id='word_1_140' title='bbox 993 1081 1034 1100; x_wconf 90' lang='lat' dir='ltr'><strong>eo</strong></span> <span class='ocrx_word' id='word_1_141' title='bbox 1059 1070 1197 1113; x_wconf 84' lang='lat' dir='ltr'><strong>quidem</strong></span> 
     </span>
     <span class='ocr_line' id='line_1_19' title="bbox 77 1129 1199 1175; baseline 0.003 -15"><span class='ocrx_word' id='word_1_142' title='bbox 77 1129 201 1170; x_wconf 87' lang='lat' dir='ltr'><strong>modo,</strong></span> <span class='ocrx_word' id='word_1_143' title='bbox 231 1143 298 1175; x_wconf 93' lang='lat' dir='ltr'><strong>quo</strong></span> <span class='ocrx_word' id='word_1_144' title='bbox 331 1131 372 1163; x_wconf 86' lang='lat' dir='ltr'><strong>de</strong></span> <span class='ocrx_word' id='word_1_145' title='bbox 401 1130 562 1175; x_wconf 83' lang='lat' dir='ltr'><strong>sapientia</strong></span> <span class='ocrx_word' id='word_1_146' title='bbox 592 1132 717 1164; x_wconf 75' lang='lat' dir='ltr'><strong>referre</strong></span> <span class='ocrx_word' id='word_1_147' title='bbox 745 1131 964 1164; x_wconf 82' lang='lat' dir='ltr'><strong>Salomonem</strong></span> <span class='ocrx_word' id='word_1_148' title='bbox 994 1144 1092 1175; x_wconf 80' lang='lat' dir='ltr'><strong>supra</strong></span> <span class='ocrx_word' id='word_1_149' title='bbox 1117 1132 1199 1163; x_wconf 83' lang='lat' dir='ltr'><strong>edo·</strong></span> 
     </span>
     <span class='ocr_line' id='line_1_20' title="bbox 78 1190 1199 1237; baseline 0.004 -17"><span class='ocrx_word' id='word_1_150' title='bbox 78 1190 217 1230; x_wconf 74' lang='lat' dir='ltr'><strong>enimus,</strong></span> <span class='ocrx_word' id='word_1_151' title='bbox 244 1193 294 1224; x_wconf 76' lang='lat' dir='ltr'><strong>vel</strong></span> <span class='ocrx_word' id='word_1_152' title='bbox 321 1205 403 1236; x_wconf 83' lang='lat' dir='ltr'><strong>quae</strong></span> <span class='ocrx_word' id='word_1_153' title='bbox 417 1193 451 1237; x_wconf 80' lang='lat'><strong>⁴³)</strong></span> <span class='ocrx_word' id='word_1_154' title='bbox 476 1193 517 1225; x_wconf 83' lang='lat' dir='ltr'><strong>de</strong></span> <span class='ocrx_word' id='word_1_155' title='bbox 542 1193 624 1233; x_wconf 86' lang='lat' dir='ltr'><strong>vita,</strong></span> <span class='ocrx_word' id='word_1_156' title='bbox 655 1193 708 1225; x_wconf 81' lang='lat' dir='ltr'><strong>vel</strong></span> <span class='ocrx_word' id='word_1_157' title='bbox 732 1193 853 1236; x_wconf 86' lang='lat' dir='ltr'><strong>verbo,</strong></span> <span class='ocrx_word' id='word_1_158' title='bbox 887 1192 1026 1237; x_wconf 81' lang='lat' dir='ltr'><strong>aliisque</strong></span> <span class='ocrx_word' id='word_1_159' title='bbox 1049 1193 1199 1237; x_wconf 75' lang='lat' dir='ltr'><strong>appella·</strong></span> 
     </span>
     <span class='ocr_line' id='line_1_21' title="bbox 79 1252 1197 1298; baseline 0.002 -15"><span class='ocrx_word' id='word_1_160' title='bbox 79 1252 224 1285; x_wconf 75' lang='lat' dir='ltr'><strong>tionibus</strong></span> <span class='ocrx_word' id='word_1_161' title='bbox 256 1253 336 1286; x_wconf 85' lang='lat' dir='ltr'><strong>Filii</strong></span> <span class='ocrx_word' id='word_1_162' title='bbox 366 1254 432 1286; x_wconf 85' lang='lat' dir='ltr'><strong>Dei</strong></span> <span class='ocrx_word' id='word_1_163' title='bbox 463 1254 678 1296; x_wconf 84' lang='lat' dir='ltr'><strong>intelligenda</strong></span> <span class='ocrx_word' id='word_1_164' title='bbox 715 1267 784 1286; x_wconf 82' lang='lat' dir='ltr'><strong>esse</strong></span> <span class='ocrx_word' id='word_1_165' title='bbox 816 1253 1038 1287; x_wconf 71' lang='lat' dir='ltr'><strong>tractavimus.</strong></span> <span class='ocrx_word' id='word_1_166' title='bbox 1091 1254 1197 1298; x_wconf 81' lang='lat' dir='ltr'><strong>Spiri-</strong></span> 
     </span>
    </p>
   </div>
   <div class='ocr_carea' id='block_1_5' title="bbox 79 1314 1197 1360">
    <p class='ocr_par' dir='ltr' id='par_1_5' title="bbox 79 1314 1197 1360">
     <span class='ocr_line' id='line_1_22' title="bbox 79 1314 1197 1360; baseline 0.003 -16"><span class='ocrx_word' id='word_1_167' title='bbox 79 1314 198 1358; x_wconf 85' lang='lat' dir='ltr'><strong>tus¹⁰)</strong></span> <span class='ocrx_word' id='word_1_168' title='bbox 224 1314 322 1356; x_wconf 85' lang='lat' dir='ltr'><strong>igitur</strong></span> <span class='ocrx_word' id='word_1_169' title='bbox 345 1315 430 1355; x_wconf 85' lang='lat' dir='ltr'><strong>Dei,</strong></span> <span class='ocrx_word' id='word_1_170' title='bbox 462 1315 518 1360; x_wconf 86' lang='lat' dir='ltr'><strong>qui</strong></span> <span class='ocrx_word' id='word_1_171' title='bbox 547 1329 646 1360; x_wconf 84' lang='lat' dir='ltr'><strong>super</strong></span> <span class='ocrx_word' id='word_1_172' title='bbox 670 1328 769 1360; x_wconf 86' lang='lat' dir='ltr'><strong>aquas</strong></span> <span class='ocrx_word' id='word_1_173' title='bbox 793 1316 978 1354; x_wconf 80' lang='lat' dir='ltr'><strong>serebatur,</strong></span> <span class='ocrx_word' id='word_1_174' title='bbox 1009 1315 1093 1347; x_wconf 79' lang='lat' dir='ltr'><strong>sieut</strong></span> <span class='ocrx_word' id='word_1_175' title='bbox 1117 1317 1197 1348; x_wconf 84' lang='lat' dir='ltr'><strong>scri-</strong></span> 
     </span>
    </p>
   </div>
   <div class='ocr_carea' id='block_1_6' title="bbox 175 1470 1198 1515">
    <p class='ocr_par' dir='ltr' id='par_1_6' title="bbox 175 1470 1198 1515">
     <span class='ocr_line' id='line_1_23' title="bbox 175 1470 1198 1515; baseline -0.001 -11"><span class='ocrx_word' id='word_1_176' title='bbox 175 1470 204 1513; x_wconf 88' lang='lat'><strong>¹)</strong></span> <span class='ocrx_word' id='word_1_177' title='bbox 229 1470 286 1504; x_wconf 88' lang='lat' dir='ltr'><strong>Sic</strong></span> <span class='ocrx_word' id='word_1_178' title='bbox 300 1472 378 1504; x_wconf 84' lang='lat' dir='ltr'><strong>Mss.</strong></span> <span class='ocrx_word' id='word_1_179' title='bbox 404 1470 493 1503; x_wconf 81' lang='lat' dir='ltr'><strong>Alias</strong></span> <span class='ocrx_word' id='word_1_180' title='bbox 517 1471 563 1514; x_wconf 78' lang='grc' dir='ltr'>(ν.</span> <span class='ocrx_word' id='word_1_181' title='bbox 583 1484 609 1503; x_wconf 93' lang='lat' dir='ltr'><strong>c.</strong></span> <span class='ocrx_word' id='word_1_182' title='bbox 628 1471 659 1503; x_wconf 85' lang='lat' dir='ltr'><strong>in</strong></span> <span class='ocrx_word' id='word_1_183' title='bbox 679 1470 754 1503; x_wconf 71' lang='lat' dir='ltr'><strong>edd.</strong></span> <span class='ocrx_word' id='word_1_184' title='bbox 774 1470 837 1513; x_wconf 82' lang='lat' dir='ltr'><strong>M.)</strong></span> <span class='ocrx_word' id='word_1_185' title='bbox 866 1470 1005 1515; x_wconf 80' lang='lat' dir='ltr'><strong>„quibus</strong></span> <span class='ocrx_word' id='word_1_186' title='bbox 1030 1481 1095 1503; x_wconf 83' lang='lat' dir='ltr'><strong>tam</strong></span> <span class='ocrx_word' id='word_1_187' title='bbox 1120 1473 1198 1503; x_wconf 85' lang='lat' dir='ltr'><strong>sub-</strong></span> 
     </span>
    </p>
   </div>
   <div class='ocr_carea' id='block_1_7' title="bbox 78 1515 1195 1560">
    <p class='ocr_par' dir='ltr' id='par_1_7' title="bbox 78 1515 1195 1560">
     <span class='ocr_line' id='line_1_24' title="bbox 78 1515 1195 1560; baseline 0.004 -14"><span class='ocrx_word' id='word_1_188' title='bbox 78 1515 213 1548; x_wconf 76' lang='lat' dir='ltr'><strong>sistendi</strong></span> <span class='ocrx_word' id='word_1_189' title='bbox 228 1526 390 1555; x_wconf 81' lang='lat' dir='ltr'><strong>naturam,</strong></span> <span class='ocrx_word' id='word_1_190' title='bbox 415 1529 514 1560; x_wconf 86' lang='lat' dir='ltr'><strong>quam</strong></span> <span class='ocrx_word' id='word_1_191' title='bbox 529 1516 615 1548; x_wconf 81' lang='lat' dir='ltr'><strong>vitae</strong></span> <span class='ocrx_word' id='word_1_192' title='bbox 633 1516 826 1560; x_wconf 73' lang='lat' dir='ltr'><strong>qualitatem</strong></span> <span class='ocrx_word' id='word_1_193' title='bbox 843 1525 941 1560; x_wconf 77' lang='lat' dir='ltr'><strong>atque</strong></span> <span class='ocrx_word' id='word_1_194' title='bbox 957 1517 1142 1550; x_wconf 80' lang='lat' dir='ltr'><strong>01·dinem.“</strong></span> <span class='ocrx_word' id='word_1_195' title='bbox 1156 1518 1195 1550; x_wconf 81' lang='lat' dir='ltr'><strong>R.</strong></span> 
     </span>
    </p>
   </div>
   <div class='ocr_carea' id='block_1_8' title="bbox 169 1571 1198 1672">
    <p class='ocr_par' dir='ltr' id='par_1_8' title="bbox 169 1571 1198 1672">
     <span class='ocr_line' id='line_1_25' title="bbox 169 1571 894 1617; baseline 0 -12"><span class='ocrx_word' id='word_1_196' title='bbox 169 1573 204 1617; x_wconf 88' lang='lat'><strong>²)</strong></span> <span class='ocrx_word' id='word_1_197' title='bbox 230 1573 298 1606; x_wconf 84' lang='lat' dir='ltr'><strong>Cfr.</strong></span> <span class='ocrx_word' id='word_1_198' title='bbox 323 1573 375 1605; x_wconf 88' lang='lat' dir='ltr'><strong>ed.</strong></span> <span class='ocrx_word' id='word_1_199' title='bbox 399 1573 528 1616; x_wconf 78' lang='lat' dir='ltr'><strong>Redep.</strong></span> <span class='ocrx_word' id='word_1_200' title='bbox 552 1585 624 1616; x_wconf 80' lang='lat' dir='ltr'><strong>pag.</strong></span> <span class='ocrx_word' id='word_1_201' title='bbox 651 1571 724 1606; x_wconf 79' lang='lat'><strong>123.</strong></span> <span class='ocrx_word' id='word_1_202' title='bbox 749 1582 817 1604; x_wconf 90' lang='lat' dir='ltr'><strong>not.</strong></span> <span class='ocrx_word' id='word_1_203' title='bbox 841 1571 894 1605; x_wconf 80' lang='lat'><strong>25.</strong></span> 
     </span>
     <span class='ocr_line' id='line_1_26' title="bbox 171 1627 1198 1672; baseline 0 -11"><span class='ocrx_word' id='word_1_204' title='bbox 171 1629 205 1672; x_wconf 82' lang='lat'><strong>³)</strong></span> <span class='ocrx_word' id='word_1_205' title='bbox 230 1628 287 1661; x_wconf 82' lang='lat' dir='ltr'><strong>Sic</strong></span> <span class='ocrx_word' id='word_1_206' title='bbox 311 1628 391 1662; x_wconf 84' lang='lat' dir='ltr'><strong>Mss.</strong></span> <span class='ocrx_word' id='word_1_207' title='bbox 421 1628 510 1660; x_wconf 73' lang='lat' dir='ltr'><strong>Alias</strong></span> <span class='ocrx_word' id='word_1_208' title='bbox 535 1629 584 1672; x_wconf 86' lang='lat' dir='ltr'><strong>(v.</strong></span> <span class='ocrx_word' id='word_1_209' title='bbox 608 1641 635 1661; x_wconf 93' lang='lat' dir='ltr'><strong>c.</strong></span> <span class='ocrx_word' id='word_1_210' title='bbox 660 1627 694 1660; x_wconf 84' lang='lat' dir='ltr'><strong>in</strong></span> <span class='ocrx_word' id='word_1_211' title='bbox 718 1628 793 1660; x_wconf 85' lang='lat' dir='ltr'><strong>edd.</strong></span> <span class='ocrx_word' id='word_1_212' title='bbox 818 1627 883 1672; x_wconf 90' lang='lat' dir='ltr'><strong>M.)</strong></span> <span class='ocrx_word' id='word_1_213' title='bbox 908 1628 1084 1660; x_wconf 74' lang='lat' dir='ltr'><strong>mendose:</strong></span> <span class='ocrx_word' id='word_1_214' title='bbox 1118 1629 1198 1672; x_wconf 81' lang='lat' dir='ltr'><strong>„qui</strong></span> 
     </span>
    </p>
   </div>
   <div class='ocr_carea' id='block_1_9' title="bbox 79 1672 1196 1717">
    <p class='ocr_par' dir='ltr' id='par_1_9' title="bbox 79 1672 1196 1717">
     <span class='ocr_line' id='line_1_27' title="bbox 79 1672 1196 1717; baseline 0.001 -13"><span class='ocrx_word' id='word_1_215' title='bbox 79 1672 257 1706; x_wconf 83' lang='lat' dir='ltr'><strong>pastoralis</strong></span> <span class='ocrx_word' id='word_1_216' title='bbox 280 1673 402 1706; x_wconf 83' lang='lat' dir='ltr'><strong>dicitur</strong></span> <span class='ocrx_word' id='word_1_217' title='bbox 426 1674 468 1705; x_wconf 89' lang='lat' dir='ltr'><strong>de</strong></span> <span class='ocrx_word' id='word_1_218' title='bbox 493 1672 600 1715; x_wconf 76' lang='lat' dir='ltr'><strong>angeli</strong></span> <span class='ocrx_word' id='word_1_219' title='bbox 623 1673 801 1717; x_wconf 79' lang='lat' dir='ltr'><strong>positione,</strong></span> <span class='ocrx_word' id='word_1_220' title='bbox 825 1686 923 1717; x_wconf 74' lang='lat' dir='ltr'><strong>quern</strong></span> <span class='ocrx_word' id='word_1_221' title='bbox 948 1673 1109 1705; x_wconf 63' lang='grc' dir='ltr'><strong>Ηετηιιτς»ις</strong></span> <span class='ocrx_word' id='word_1_222' title='bbox 1135 1683 1196 1706; x_wconf 84' lang='lat' dir='ltr'><strong>etc.</strong></span> 
     </span>
    </p>
   </div>
   <div class='ocr_carea' id='block_1_10' title="bbox 80 1718 1197 1807">
    <p class='ocr_par' dir='ltr' id='par_1_10' title="bbox 80 1718 1197 1807">
     <span class='ocr_line' id='line_1_28' title="bbox 80 1718 1197 1753; baseline 0.001 -4"><span class='ocrx_word' id='word_1_223' title='bbox 80 1718 120 1749; x_wconf 83' lang='lat' dir='ltr'><strong>R.</strong></span> <span class='ocrx_word' id='word_1_224' title='bbox 146 1738 186 1743; x_wconf 89' lang='lat'><strong>—-</strong></span> <span class='ocrx_word' id='word_1_225' title='bbox 213 1718 280 1751; x_wconf 80' lang='lat' dir='ltr'><strong>Csr</strong></span> <span class='ocrx_word' id='word_1_226' title='bbox 306 1719 449 1751; x_wconf 74' lang='lat' dir='ltr'><strong>Hermae</strong></span> <span class='ocrx_word' id='word_1_227' title='bbox 474 1719 561 1752; x_wconf 86' lang='lat' dir='ltr'><strong>Past.</strong></span> <span class='ocrx_word' id='word_1_228' title='bbox 588 1718 643 1751; x_wconf 85' lang='lat' dir='ltr'><strong>vis.</strong></span> <span class='ocrx_word' id='word_1_229' title='bbox 670 1718 708 1750; x_wconf 90' lang='lat' dir='ltr'><strong>V.</strong></span> <span class='ocrx_word' id='word_1_230' title='bbox 734 1719 844 1750; x_wconf 83' lang='lat' dir='ltr'><strong>mand.</strong></span> <span class='ocrx_word' id='word_1_231' title='bbox 872 1718 922 1752; x_wconf 78' lang='lat'><strong>1⁴2.</strong></span> <span class='ocrx_word' id='word_1_232' title='bbox 948 1718 1027 1751; x_wconf 82' lang='lat' dir='ltr'><strong>coll.</strong></span> <span class='ocrx_word' id='word_1_233' title='bbox 1055 1719 1107 1753; x_wconf 87' lang='lat' dir='ltr'><strong>ed.</strong></span> <span class='ocrx_word' id='word_1_234' title='bbox 1134 1720 1197 1751; x_wconf 71' lang='lat' dir='ltr'><strong>Re-</strong></span> 
     </span>
     <span class='ocr_line' id='line_1_29' title="bbox 81 1763 525 1807; baseline 0.009 -13"><span class='ocrx_word' id='word_1_235' title='bbox 81 1763 157 1806; x_wconf 84' lang='lat' dir='ltr'><strong>dep.</strong></span> <span class='ocrx_word' id='word_1_236' title='bbox 183 1776 255 1807; x_wconf 80' lang='lat' dir='ltr'><strong>pag.</strong></span> <span class='ocrx_word' id='word_1_237' title='bbox 281 1764 356 1799; x_wconf 84' lang='lat'><strong>123.</strong></span> <span class='ocrx_word' id='word_1_238' title='bbox 378 1773 448 1796; x_wconf 85' lang='lat' dir='ltr'><strong>not.</strong></span> <span class='ocrx_word' id='word_1_239' title='bbox 471 1764 525 1798; x_wconf 85' lang='grc'>27.</span> 
     </span>
    </p>
   </div>
   <div class='ocr_carea' id='block_1_11' title="bbox 171 1818 879 1976">
    <p class='ocr_par' dir='ltr' id='par_1_11' title="bbox 171 1818 868 1976">
     <span class='ocr_line' id='line_1_30' title="bbox 171 1818 599 1865; baseline 0.005 -14"><span class='ocrx_word' id='word_1_240' title='bbox 171 1818 204 1862; x_wconf 75' lang='lat'><strong>⁴)</strong></span> <span class='ocrx_word' id='word_1_241' title='bbox 228 1819 290 1851; x_wconf 88' lang='lat' dir='ltr'><strong>Ed.</strong></span> <span class='ocrx_word' id='word_1_242' title='bbox 313 1819 362 1853; x_wconf 85' lang='lat' dir='ltr'><strong>M.</strong></span> <span class='ocrx_word' id='word_1_243' title='bbox 385 1820 427 1852; x_wconf 82' lang='lat' dir='ltr'><strong>II.</strong></span> <span class='ocrx_word' id='word_1_244' title='bbox 454 1820 599 1865; x_wconf 77' lang='lat' dir='ltr'><strong>‚‚qu0d.³‘</strong></span> 
     </span>
     <span class='ocr_line' id='line_1_31' title="bbox 173 1873 700 1917; baseline 0.002 -10"><span class='ocrx_word' id='word_1_245' title='bbox 173 1873 205 1917; x_wconf 91' lang='lat'><strong>⁵)</strong></span> <span class='ocrx_word' id='word_1_246' title='bbox 230 1875 334 1908; x_wconf 86' lang='lat' dir='ltr'><strong>Deest</strong></span> <span class='ocrx_word' id='word_1_247' title='bbox 357 1879 468 1917; x_wconf 78' lang='lat' dir='ltr'><strong>„esse“</strong></span> <span class='ocrx_word' id='word_1_248' title='bbox 494 1876 527 1908; x_wconf 84' lang='lat' dir='ltr'><strong>in</strong></span> <span class='ocrx_word' id='word_1_249' title='bbox 553 1876 628 1909; x_wconf 79' lang='lat' dir='ltr'><strong>edd.</strong></span> <span class='ocrx_word' id='word_1_250' title='bbox 654 1876 700 1908; x_wconf 85' lang='grc' dir='ltr'>Μ.</span> 
     </span>
     <span class='ocr_line' id='line_1_32' title="bbox 173 1930 879 1976; baseline 0.004 -13"><span class='ocrx_word' id='word_1_251' title='bbox 173 1931 206 1974; x_wconf 80' lang='lat'><strong>⁵)</strong></span> <span class='ocrx_word' id='word_1_252' title='bbox 232 1930 301 1964; x_wconf 80' lang='lat' dir='ltr'><strong>Cfr.</strong></span> <span class='ocrx_word' id='word_1_253' title='bbox 325 1935 375 1963; x_wconf 89' lang='lat' dir='ltr'><strong>ed.</strong></span> <span class='ocrx_word' id='word_1_254' title='bbox 400 1932 528 1976; x_wconf 78' lang='lat' dir='ltr'><strong>Redep.</strong></span> <span class='ocrx_word' id='word_1_255' title='bbox 553 1945 626 1976; x_wconf 86' lang='lat' dir='ltr'><strong>pag.</strong></span> <span class='ocrx_word' id='word_1_256' title='bbox 653 1931 726 1966; x_wconf 78' lang='lat'><strong>124.</strong></span> <span class='ocrx_word' id='word_1_257' title='bbox 751 1941 823 1965; x_wconf 88' lang='lat' dir='ltr'><strong>not.</strong></span> <span class='ocrx_word' id='word_1_258' title='bbox 849 1932 879 1966; x_wconf 79' lang='grc'>4.</span> 
     </span>
    </p>
   </div>
   <div class='ocr_carea' id='block_1_12' title="bbox 82 1986 1198 2166">
    <p class='ocr_par' dir='ltr' id='par_1_12' title="bbox 82 1986 1198 2166">
     <span class='ocr_line' id='line_1_33' title="bbox 176 1986 1196 2033; baseline 0.003 -15"><span class='ocrx_word' id='word_1_259' title='bbox 176 1987 208 2030; x_wconf 92' lang='lat'><strong>⁷)</strong></span> <span class='ocrx_word' id='word_1_260' title='bbox 232 1986 370 2019; x_wconf 79' lang='lat' dir='ltr'><strong>Exstant</strong></span> <span class='ocrx_word' id='word_1_261' title='bbox 398 1989 516 2020; x_wconf 84' lang='lat' dir='ltr'><strong>verba:</strong></span> <span class='ocrx_word' id='word_1_262' title='bbox 558 1990 816 2029; x_wconf 83' lang='lat' dir='ltr'><strong>„Verumtamen</strong></span> <span class='ocrx_word' id='word_1_263' title='bbox 842 2010 903 2028; x_wconf 80' lang='lat'><strong>—‚</strong></span> <span class='ocrx_word' id='word_1_264' title='bbox 936 2002 996 2032; x_wconf 78' lang='lat' dir='ltr'><strong>per</strong></span> <span class='ocrx_word' id='word_1_265' title='bbox 1026 2002 1124 2033; x_wconf 73' lang='lat' dir='ltr'><strong>quern</strong></span> <span class='ocrx_word' id='word_1_266' title='bbox 1157 2010 1196 2015; x_wconf 81' lang='lat'><em>—</em></span> 
     </span>
     <span class='ocr_line' id='line_1_34' title="bbox 85 2032 1196 2078; baseline 0.005 -17"><span class='ocrx_word' id='word_1_267' title='bbox 85 2032 136 2063; x_wconf 71' lang='lat' dir='ltr'><strong>vel</strong></span> <span class='ocrx_word' id='word_1_268' title='bbox 162 2040 308 2064; x_wconf 76' lang='lat' dir='ltr'><strong>creatura</strong></span> <span class='ocrx_word' id='word_1_269' title='bbox 332 2032 519 2065; x_wconf 84' lang='lat' dir='ltr'><strong>diceretu1“</strong></span> <span class='ocrx_word' id='word_1_270' title='bbox 551 2033 584 2065; x_wconf 85' lang='lat' dir='ltr'><strong>in</strong></span> <span class='ocrx_word' id='word_1_271' title='bbox 617 2035 759 2077; x_wconf 72' lang='grc' dir='ltr'>ΑΡο103</span> <span class='ocrx_word' id='word_1_272' title='bbox 795 2034 970 2078; x_wconf 69' lang='lat' dir='ltr'><strong>Pamphilu.</strong></span> <span class='ocrx_word' id='word_1_273' title='bbox 1004 2035 1072 2067; x_wconf 65' lang='lat' dir='ltr'><strong>Cir.</strong></span> <span class='ocrx_word' id='word_1_274' title='bbox 1106 2035 1196 2076; x_wconf 80' lang='lat' dir='ltr'><strong>Orig.</strong></span> 
     </span>
     <span class='ocr_line' id='line_1_35' title="bbox 82 2077 1198 2124; baseline 0.004 -16"><span class='ocrx_word' id='word_1_275' title='bbox 82 2077 173 2121; x_wconf 88' lang='lat' dir='ltr'><strong>Opp.</strong></span> <span class='ocrx_word' id='word_1_276' title='bbox 211 2077 262 2108; x_wconf 85' lang='lat' dir='ltr'><strong>ed.</strong></span> <span class='ocrx_word' id='word_1_277' title='bbox 287 2077 391 2109; x_wconf 75' lang='lat' dir='ltr'><strong>Ruaei</strong></span> <span class='ocrx_word' id='word_1_278' title='bbox 429 2077 526 2110; x_wconf 87' lang='lat' dir='ltr'><strong>&#39;lom.</strong></span> <span class='ocrx_word' id='word_1_279' title='bbox 555 2079 607 2110; x_wconf 88' lang='lat' dir='ltr'><strong>lV.</strong></span> <span class='ocrx_word' id='word_1_280' title='bbox 648 2080 802 2123; x_wconf 81' lang='lat' dir='ltr'><strong>Append.</strong></span> <span class='ocrx_word' id='word_1_281' title='bbox 844 2093 917 2124; x_wconf 75' lang='lat' dir='ltr'><strong>pag.</strong></span> <span class='ocrx_word' id='word_1_282' title='bbox 941 2080 994 2114; x_wconf 79' lang='lat'><strong>27.</strong></span> <span class='ocrx_word' id='word_1_283' title='bbox 1035 2080 1113 2113; x_wconf 79' lang='lat' dir='ltr'><strong>coll.</strong></span> <span class='ocrx_word' id='word_1_284' title='bbox 1145 2082 1198 2113; x_wconf 85' lang='lat' dir='ltr'><strong>ed.</strong></span> 
     </span>
     <span class='ocr_line' id='line_1_36' title="bbox 82 2122 652 2166; baseline 0.005 -12"><span class='ocrx_word' id='word_1_285' title='bbox 82 2132 185 2154; x_wconf 86' lang='lat' dir='ltr'><strong>nostr.</strong></span> <span class='ocrx_word' id='word_1_286' title='bbox 210 2122 308 2155; x_wconf 91' lang='lat' dir='ltr'><strong>Tom.</strong></span> <span class='ocrx_word' id='word_1_287' title='bbox 332 2122 457 2154; x_wconf 81' lang='lat' dir='ltr'><strong>XXIV.</strong></span> <span class='ocrx_word' id='word_1_288' title='bbox 481 2136 552 2166; x_wconf 83' lang='lat' dir='ltr'><strong>pag.</strong></span> <span class='ocrx_word' id='word_1_289' title='bbox 577 2123 652 2157; x_wconf 76' lang='grc'>340.</span> 
     </span>
    </p>
   </div>
   <div class='ocr_carea' id='block_1_13' title="bbox 157 2177 1198 2335">
    <p class='ocr_par' dir='ltr' id='par_1_13' title="bbox 157 2177 1198 2335">
     <span class='ocr_line' id='line_1_37' title="bbox 175 2177 878 2224; baseline 0.003 -14"><span class='ocrx_word' id='word_1_290' title='bbox 175 2177 209 2222; x_wconf 86' lang='grc'><strong>8)</strong></span> <span class='ocrx_word' id='word_1_291' title='bbox 236 2179 304 2211; x_wconf 78' lang='lat' dir='ltr'><strong>Cfi.</strong></span> <span class='ocrx_word' id='word_1_292' title='bbox 330 2179 380 2210; x_wconf 90' lang='lat' dir='ltr'><strong>ed.</strong></span> <span class='ocrx_word' id='word_1_293' title='bbox 406 2179 534 2223; x_wconf 75' lang='lat' dir='ltr'><strong>Redep.</strong></span> <span class='ocrx_word' id='word_1_294' title='bbox 558 2192 630 2224; x_wconf 80' lang='lat' dir='ltr'><strong>pag.</strong></span> <span class='ocrx_word' id='word_1_295' title='bbox 659 2179 730 2214; x_wconf 72' lang='grc'>124.</span> <span class='ocrx_word' id='word_1_296' title='bbox 755 2189 823 2212; x_wconf 87' lang='lat' dir='ltr'><strong>not.</strong></span> <span class='ocrx_word' id='word_1_297' title='bbox 848 2181 878 2215; x_wconf 84' lang='grc'>7.</span> 
     </span>
     <span class='ocr_line' id='line_1_38' title="bbox 175 2235 1198 2320; baseline 0 -52"><span class='ocrx_word' id='word_1_298' title='bbox 175 2235 209 2278; x_wconf 82' lang='lat'><strong>⁹)</strong></span> <span class='ocrx_word' id='word_1_299' title='bbox 233 2235 291 2268; x_wconf 85' lang='lat' dir='ltr'><strong>Sic</strong></span> <span class='ocrx_word' id='word_1_300' title='bbox 314 2235 392 2268; x_wconf 78' lang='lat' dir='ltr'><strong>Mss.</strong></span> <span class='ocrx_word' id='word_1_301' title='bbox 421 2235 508 2268; x_wconf 80' lang='lat' dir='ltr'><strong>Alias</strong></span> <span class='ocrx_word' id='word_1_302' title='bbox 533 2236 580 2281; x_wconf 82' lang='lat' dir='ltr'><strong>(v,</strong></span> <span class='ocrx_word' id='word_1_303' title='bbox 600 2249 625 2268; x_wconf 87' lang='lat' dir='ltr'><strong>c.</strong></span> <span class='ocrx_word' id='word_1_304' title='bbox 645 2235 676 2268; x_wconf 88' lang='lat' dir='ltr'><strong>in</strong></span> <span class='ocrx_word' id='word_1_305' title='bbox 694 2237 769 2269; x_wconf 84' lang='lat' dir='ltr'><strong>edd.</strong></span> <span class='ocrx_word' id='word_1_306' title='bbox 787 2238 851 2320; x_wconf 81' lang='lat' dir='ltr'><strong>M.)</strong></span> <span class='ocrx_word' id='word_1_307' title='bbox 878 2250 966 2283; x_wconf 83' lang='lat' dir='ltr'><strong>„quo</strong></span> <span class='ocrx_word' id='word_1_308' title='bbox 986 2238 1028 2269; x_wconf 85' lang='lat' dir='ltr'><strong>de</strong></span> <span class='ocrx_word' id='word_1_309' title='bbox 1045 2236 1118 2270; x_wconf 75' lang='lat' dir='ltr'><strong>vita</strong></span> <span class='ocrx_word' id='word_1_310' title='bbox 1124 2240 1140 2257; x_wconf 81' lang='lat'>“</span> <span class='ocrx_word' id='word_1_311' title='bbox 1160 2236 1198 2268; x_wconf 84' lang='lat' dir='ltr'><strong>R.</strong></span> 
     </span>
     <span class='ocr_line' id='line_1_39' title="bbox 157 2291 422 2335; baseline -0.004 -10"><span class='ocrx_word' id='word_1_312' title='bbox 157 2291 212 2335; x_wconf 82' lang='lat'><strong>¹⁰)</strong></span> <span class='ocrx_word' id='word_1_313' title='bbox 236 2291 318 2325; x_wconf 84' lang='lat' dir='ltr'><strong>Gen.</strong></span> <span class='ocrx_word' id='word_1_314' title='bbox 346 2291 412 2331; x_wconf 80' lang='grc'>1,)</span> <span class='ocrx_word' id='word_1_315' title='bbox 393 2317 422 2324; x_wconf 82' lang='grc'><strong>-.</strong></span> 
     </span>
    </p>
   </div>
  </div>
 </body>
</html>
