1404 2463
434 95 478 117 nn
506 85 696 118 Pumcmns
722 86 795 117 Lm.
822 86 878 119 lu.
1148 88 1212 123 307

96 186 206 206 versus
240 174 462 219 principatus,
495 175 650 206 adversus
680 184 875 217 potestates,
918 176 1071 208 adversus
1095 177 1210 209 mundi

95 235 193 280 hujus
217 244 363 268 rectores
387 236 598 268 tenebrarum
622 235 748 275 harum,
773 237 928 268 adversus
952 237 1133 279 spiritualia
1157 252 1213 270 ne—

94 296 216 341 quitiae
258 296 290 328 in
323 297 556 330 coelestibus.“
613 297 680 330 Sed
713 305 745 328 et
777 297 982 329 salvatorem
1022 300 1210 332 crucifixum

94 370 163 390 esse
197 357 278 390 dicit
294 359 323 401 ¹)
347 371 364 391 a
389 358 595 403 principibus
619 357 714 402 hujus
739 359 874 397 mundi,
912 359 965 403 qui
992 360 1210 399 destruentur,

93 432 236 462 quorum
269 420 367 452 etiam
398 418 592 463 sapientiam
624 418 705 450 dicit
735 432 769 450 se
801 432 868 451 non
894 420 986 464 loqui
1045 421 1110 453 Per
1134 422 1210 454 haec

91 480 192 522 igitur
217 481 328 513 omnia
352 482 452 513 docet
474 493 534 512 nos
551 479 724 524 Scriptura
748 480 858 512 divina
884 493 953 514 esse
979 483 1139 526 quosdam
1164 483 1212 515 in-

93 542 239 575 visibiles
269 543 378 574 hostes
411 542 606 573 dimicantes
630 541 785 573 adversus
809 554 886 580 nos,
920 552 952 574 et
976 543 1139 587 praecipit
1163 557 1211 576 ar—

92 605 174 636 mari
206 616 267 635 nos
297 603 418 635 debere
451 611 564 634 contra
598 615 664 634 eos.
712 603 809 635 Unde
841 612 873 634 et
897 603 1115 647 simpliciores
1141 606 1211 650 qui-

94 677 158 708 que
179 663 328 696 Domino
347 664 480 697 Christo
499 663 708 696 credentium
734 664 929 703 existimant,
944 666 976 709 ²)
995 667 1085 709 quod
1101 667 1210 698 omnia

91 734 245 769 peccata,
280 738 496 770 quaecunque
522 725 751 758 commiserint
774 725 943 767 homines,
978 740 1014 759 ex
1040 728 1108 760 istis
1134 741 1212 760 con-

89 786 196 818 trariis
243 785 420 819 virtutibus
467 796 611 819 mentem
654 787 918 831 delinquentium
958 789 1210 831 perurgentibus

90 847 180 888 fiant,
204 861 266 892 pro
292 861 344 889 eo,
371 849 462 892 quod
488 848 520 880 in
546 848 725 881 certamine
750 848 814 880 isto
839 848 998 881 invisibili
1022 851 1211 895 superiores

89 909 298 942 inveniantur
328 919 519 954 potestates.
570 909 719 952 Quodsi,
752 909 844 941 verbi
871 922 983 949 causa,
1019 911 1116 956 (139)
1142 913 1210 945 dia-

89 970 187 1003 bolus
211 983 279 1003 non
303 981 399 1008 esset,
427 984 525 1003 nemo
550 971 721 1003 hominum
747 971 883 1003 omnino
910 972 1127 1016 delinqueret.

178 1032 208 1066 2.
256 1034 325 1065 Nos
356 1046 435 1065 vero
469 1033 633 1065 iationem
666 1033 845 1065 dilucidius
869 1033 1052 1073 intuentes,
1087 1035 1210 1078 liaec3)

89 1093 133 1126 ita
159 1106 227 1126 esse
251 1107 319 1126 nou
344 1094 558 1134 arbitramur,
591 1095 836 1127 considerantes
869 1108 904 1127 ea
930 1108 1013 1139 quae
1038 1097 1209 1129 manifeste

94 1169 131 1187 ex
163 1156 332 1199 corporali
366 1155 560 1188 necessitate
593 1157 850 1200 descendunt.⁴)
900 1160 951 1189 An
983 1170 1061 1189 vero
1093 1168 1209 1202 putan-

91 1218 171 1249 dum
205 1227 269 1257 est,
301 1217 391 1261 quod
425 1216 580 1249 diabolus
614 1217 797 1257 esuriendi,
830 1217 882 1249 vel
898 1218 929 1260 ⁵)
960 1218 1091 1251 sitiendi
1116 1233 1210 1252 causa

90 1278 187 1312 nobis
211 1278 366 1311 exsistat?
405 1278 579 1310 Neminem
612 1291 681 1311 esse
705 1288 789 1323 puto
814 1280 870 1323 qui
894 1279 957 1311 hoc
981 1281 1100 1312 audeat
1123 1281 1211 1314 assir-

92 1354 194 1374 mare.
241 1340 278 1373 Si
310 1352 387 1381 ergo
420 1339 588 1371 esuriendi
624 1349 656 1372 et
686 1340 818 1372 sitiendi
850 1353 916 1372 non
946 1341 1043 1374 nobis
1074 1342 1144 1387 ipse
1168 1344 1208 1376 sit

92 1415 205 1441 causa,
237 1401 318 1446 quid
343 1401 452 1440 aliud,
488 1414 563 1433 cum
590 1400 846 1446 uniuscujusque
871 1410 958 1433 aetas
981 1403 1021 1434 ad
1046 1403 1210 1436 virilitatis

90 1473 222 1507 tempus
245 1462 434 1502 advenerit,
477 1472 509 1495 et.
538 1463 694 1495 naturalis
719 1463 837 1495 caloris
860 1463 1023 1495 incentiva
1045 1477 1210 1506 suggesse-

90 1525 154 1558 rit?
190 1525 403 1570 Consequens
431 1534 478 1557 est
502 1524 572 1557 sine
599 1524 722 1563 dubio,
752 1533 788 1556 ut
812 1525 898 1557 sicut
921 1525 1087 1557 esuriendi
1113 1535 1144 1557 et
1168 1527 1209 1558 si-

91 1586 195 1618 tiendi
226 1586 380 1618 diabolus
409 1599 503 1619 causa
538 1599 606 1619 non
631 1596 697 1625 est,
730 1586 775 1619 ita
800 1600 860 1619 nec
884 1586 953 1632 ejus
978 1586 1112 1631 quidem
1136 1600 1209 1619 mo-

93 1656 155 1686 tus,
180 1647 237 1691 qui
261 1648 392 1680 adultae
415 1648 514 1680 aetati
539 1647 732 1680 naturaliter
753 1648 946 1690 suggeritur,
978 1648 1012 1680 id
1037 1658 1084 1681 est
1107 1662 1208 1693 appe-

95 1708 186 1740 tendi
212 1708 318 1741 coitus
343 1709 557 1742 desiderium.
606 1709 715 1752 Quam
743 1722 872 1741 causam
897 1722 963 1742 non
987 1709 1101 1754 utique
1124 1724 1206 1743 sem-

186 1867 229 1945 ¹1)2
243 1865 312 1900 Cfr.
341 1867 349 1897 Ι
378 1867 455 1899 Cor.
482 1867 521 1905 ll,
546 1866 578 1901 6.
603 1880 693 1911 seqq.
720 1867 797 1898 coll.
825 1867 875 1898 ed.
895 1867 1019 1911 Redep.
1042 1881 1114 1912 pag.
1132 1868 1207 1902 277.

92 1920 159 1943 not.
209 1915 239 1943 ¹.

181 1966 214 2010 ²)
238 1967 300 2000 Ed.
332 1967 380 2000 Μ.
409 1968 430 1999 l.
465 1968 688 2000 »aestimant.“
720 1988 762 1992 —
804 1967 872 2000 Csr.
905 1967 955 1999 ed.
982 1967 1106 2012 Redep.
1136 1981 1206 2012 pag.

91 2009 167 2044 277.
191 2021 261 2044 not.
288 2012 337 2045 17.
477 2013 510 2054 3)
536 2013 597 2045 Ed.
624 2012 672 2045 M.
698 2013 722 2046 Ι.
749 2013 882 2053 „hanc.«

90 2111 135 2144 ,Χ
172 2067 218 2146 1⁴5)
245 2067 314 2100 Cfr.
341 2069 393 2102 ed.
419 2068 547 2112 Redep.
574 2082 645 2112 pag.
669 2069 744 2104 277.
769 2078 838 2101 not.
862 2068 914 2103 26.
940 2068 1017 2101 coll.
1042 2068 1117 2112 Sap.
1141 2069 1206 2103 Sal.

183 2169 216 2212 5)
240 2168 370 2201 Desunt
405 2169 436 2201 in
469 2179 562 2202 antea
595 2170 691 2203 editis
722 2173 768 2212 (ν.
796 2183 822 2202 e.
847 2170 921 2202 edd.
948 2171 1031 2213 M),
1065 2173 1123 2203 sed
1154 2172 1207 2203 lna-

91 2215 211 2246 bentur
242 2214 274 2245 in
300 2214 379 2247 Mss.
406 2216 522 2247 verba:
558 2217 630 2256 „vel
655 2215 815 2248 sitiendi«
842 2216 881 2248 R.
908 2236 946 2241 —
972 2215 1042 2248 Csr.
1069 2218 1118 2249 ed.
1148 2218 1208 2248 lh·-

92 2260 164 2303 dep.
191 2272 261 2304 pag.
288 2260 362 2294 278.
388 2271 456 2293 not.
478 2263 507 2294 1.

824 2358 829 2361 χ
855 2321 898 2355 20
922 2322 941 2341 ἥ
