1404 2463
227 141 292 176 278
698 146 873 178 ORIGEMS

228 231 325 265 dicit:
352 232 430 273 „Uti
448 233 477 274 ¹)
501 245 542 265 ne
566 233 726 275 glorietur
751 235 858 266 omnis
883 246 958 266 caro
983 234 1013 265 in
1032 243 1211 279 conspectu
1229 235 1339 267 Dei:'·‘

229 303 262 326 et
284 294 424 327 revelata
449 294 512 327 sint
534 296 689 340 parvulis,
714 296 762 329 his
786 295 953 335 videlicet,
977 295 1035 340 qui
1059 306 1274 341 posteaquam
1291 297 1342 330 in-

232 356 333 389 fantes
365 356 441 389 facti
473 356 595 389 fuerint
627 367 660 390 et
688 358 834 402 parvuli,
867 357 902 389 id
928 369 972 390 est
998 358 1038 390 ad
1063 358 1282 390 humilitatem
1306 371 1340 391 se

228 418 307 462 et2)
337 418 583 462 simplicitatem
613 419 840 452 revocaverint
869 420 1103 463 parvulorum,
1135 430 1213 452 tunc
1237 420 1341 464 profi·

227 478 333 519 ciunt,
371 489 404 512 et
435 493 510 512 cum
540 481 580 513 ad
604 480 845 525 perfectionem
871 480 1035 520 venerint,
1073 481 1338 524 meminerunt³)

226 541 342 586 utique
367 542 458 586 quod
482 555 547 574 non
571 541 636 587 jam
660 543 725 575 suis
749 542 942 582 virtutibus,
973 544 1031 575 sed
1062 542 1163 584 gratia
1188 552 1221 575 et
1244 536 1342 575 mise-

225 603 368 636 ricordia
393 604 457 636 Dei
480 604 719 636 beatitudinem
745 604 911 636 consecuti
934 613 1020 639 sunt.

314 664 364 699 13.
411 664 514 706 Igitur
536 665 600 698 Dei
624 665 748 710 judicio
774 665 1018 710 derelinquitur
1040 665 1084 705 is,
1116 665 1173 710 qui
1197 665 1340 698 derelin-

226 725 282 770 qui
307 727 416 764 debet,
443 736 474 758 et
497 727 686 771 patientiam
715 728 812 760 habet
835 728 927 759 Deus
953 740 1053 771 super
1075 727 1246 759 nonnullis
1262 739 1340 771 pec-

224 788 389 828 cantibus,
427 801 495 820 non
533 798 638 820 tamen
678 789 748 821 sine
785 798 872 821 certa
909 790 1047 822 ratione.
1108 789 1176 821 Sed
1209 798 1241 820 et
1273 789 1339 820 hoc

223 849 350 894 ipsum,
390 850 480 893 quod
516 850 645 894 patiens
684 860 747 890 est,
785 851 825 882 ad
857 850 1035 883 utilitatem
1066 849 1215 894 ipsorum
1247 849 1338 888 facit,

223 911 379 955 quoniam
414 911 547 955 quidem
578 912 774 944 immortalis
806 921 854 944 est
883 912 1008 949 anima,
1043 911 1134 956 cujus
1166 924 1278 943 curam
1304 920 1338 943 et

223 973 468 1016 providentiam
501 972 600 1014 gerit:
641 982 672 1005 et
705 972 819 1017 utique
851 974 941 1017 quod
964 972 1154 1005 immortale
1178 982 1210 1005 et
1233 982 1339 1005 aeter-

222 1047 301 1066 num
327 1044 390 1073 est,
415 1033 541 1066 etiamsi
563 1047 630 1066 non
656 1034 721 1067 cito
747 1043 897 1073 curetur,
926 1047 994 1066 non
1018 1044 1126 1066 tamen
1151 1034 1340 1067 excluditur

221 1109 238 1128 a
262 1096 384 1134 salute,
416 1109 499 1139 quae
528 1096 560 1128 in
592 1106 743 1140 tempora
774 1096 1018 1141 opportuniora
1041 1096 1206 1128 differtur.
1252 1097 1337 1128 Nam

222 1167 254 1190 et
278 1157 423 1190 fortassis
448 1158 580 1201 expedit
603 1158 726 1190 tardius
751 1157 907 1202 consequi
932 1157 998 1199 his,
1030 1158 1088 1202 qui
1111 1158 1246 1190 venenis
1269 1171 1338 1191 ma-

222 1219 310 1252 litiae
338 1219 567 1264 profundioris
592 1219 705 1251 infecti
729 1229 813 1252 sunt.
861 1219 954 1253 Sicut
979 1219 1067 1252 enim
1092 1220 1213 1252 medici
1237 1220 1337 1253 inter-

220 1282 317 1321 dum,
350 1294 424 1313 cum
449 1281 576 1325 possint
600 1281 738 1313 celerius
763 1282 930 1314 obducere
955 1282 1130 1314 vulnerum
1154 1281 1334 1322 cicatrices,

218 1352 423 1387 praesentem
463 1343 668 1375 dissimulant
707 1352 739 1374 et
777 1343 938 1375 disserunt
979 1343 1151 1376 sanitatem
1185 1343 1335 1376 melioris

217 1404 363 1436 sanitatis
387 1404 609 1449 firmiorisque
634 1414 831 1449 prospectu,
867 1405 945 1437 dum
970 1406 1090 1438 melius
1115 1419 1184 1438 esse
1212 1415 1335 1438 norunt

219 1479 346 1498 moram
371 1467 477 1499 facere
508 1466 541 1498 in
565 1467 751 1499 tumoribus
776 1467 968 1507 vulnerum,
1000 1476 1032 1499 et
1056 1467 1190 1509 maligni
1215 1468 1334 1499 humo-

218 1528 261 1560 ris
292 1529 430 1561 ssuentes
461 1527 629 1573 paulisper
657 1528 763 1560 sinere
794 1537 939 1568 meatus,
975 1542 1073 1573 quam
1104 1529 1259 1562 festinare
1291 1530 1332 1562 ad

218 1591 426 1634 superficiem
457 1590 619 1629 sanitatis,
650 1599 681 1621 et
705 1589 860 1622 abstrusis
874 1589 906 1632 4)
930 1590 962 1622 in
989 1596 1076 1624 venis
1101 1591 1253 1623 fomitem
1279 1604 1333 1623 ve-

218 1652 328 1685 nenati
352 1652 497 1683 humoris
521 1651 711 1690 includere,
743 1651 799 1696 qui
824 1651 938 1695 utique
964 1652 1113 1684 exclusus
1136 1653 1198 1697 ³⁵)
1224 1652 1331 1685 solitis

218 1715 381 1747 meatibus
410 1722 520 1757 serpet
543 1713 612 1745 sine
637 1713 739 1745 dubio
766 1713 797 1745 in
822 1713 978 1745 interiora
1003 1715 1251 1754 membrorum,
1285 1723 1333 1746 at-

219 1789 280 1821 que
311 1776 381 1820 ipsa
414 1775 522 1808 vitalia
553 1775 716 1807 viscerum
746 1775 948 1819 penetrabit,
987 1789 1053 1808 non
1085 1775 1149 1820 jam
1175 1777 1330 1808 morbum

218 1838 370 1882 corpori,
409 1839 466 1869 sed
498 1837 583 1869 vitae
616 1837 766 1869 illaturus
792 1837 944 1870 exitium:
978 1837 1042 1870 hoc
1067 1850 1144 1880 ergo
1169 1838 1272 1870 modo
1298 1847 1332 1869 et

311 1973 340 2015 Ι)
366 1973 378 2003 Ι
403 1972 482 2006 Cor.
508 1972 532 2012 l,
556 1971 609 2005 29.

306 2028 339 2071 2)
365 2029 450 2060 Edd.
476 2028 522 2060 M.
549 2037 601 2059 »et
626 2027 659 2059 in
683 2027 961 2072 simplicitatem.«

252 2129 259 2136 ·
304 2083 337 2127 ³)
362 2083 418 2160 She
442 2084 520 2117 Mss.
546 2084 636 2116 Libri
669 2083 750 2116 editi
781 2085 826 2129 (v.
852 2097 877 2115 c.
903 2083 978 2117 edd.
1004 2082 1068 2127 M.)
1096 2082 1328 2115 »meminerint

211 2138 357 2173 utique«
417 2156 423 2161 .

305 2184 336 2225 ι)
363 2184 419 2217 Sic
444 2185 522 2218 Mss.
546 2186 637 2218 Libri
664 2185 743 2218 editi
769 2185 813 2230 (V.
838 2199 864 2217 c.
891 2186 941 2218 ed.
969 2183 1017 2217 M.
1043 2185 1100 2230 ll.)
1127 2183 1323 2216 »obtrusis.“

211 2230 250 2263 R.
277 2250 316 2255 —
342 2229 403 2261 Ed.
428 2230 475 2263 M.
501 2231 525 2263 I.
552 2232 763 2264 »obstrusis.“

305 2287 336 2330 ⁵)
362 2285 418 2318 Sic
443 2286 569 2329 optime
594 2287 671 2318 Mss.
696 2285 786 2318 Libri
818 2285 896 2318 editi
923 2285 966 2329 (v.
993 2298 1019 2318 c.
1046 2285 1120 2318 edd.
1146 2285 1209 2328 M.)
1234 2296 1326 2316 men-

213 2333 313 2377 dose:
339 2344 376 2372 „a
400 2330 510 2364 salutis
533 2332 725 2364 meatibus.“
756 2332 793 2363 R.

1375 2204 1380 2276 ἔ

1373 2277 1378 2317 ,ι
