1404 2463
422 132 468 155 ms
495 121 689 155 Pamcipns
723 121 835 152 Lmen
863 121 883 152 Ι.
1172 120 1216 155 89

91 222 188 258 atque.
213 212 374 245 industria
399 210 716 255 incomparabilibus
748 222 862 242 omnes
892 209 1038 253 reliquas
1069 210 1218 254 discipli-

88 288 145 308 nas
170 273 397 319 supereminet
420 272 543 311 modis,
568 281 600 304 et
616 272 646 316 Ι)
671 271 857 304 secundum
882 271 1076 315 propositae
1100 271 1218 303 simili-

88 336 213 369 tudinis
239 337 395 377 formam,
421 335 472 366 vel
500 345 584 377 quae
610 332 652 364 sit
674 332 834 365 assumtio
859 331 1027 372 scientiae,
1054 332 1107 364 vel
1133 346 1214 376 quae

86 397 129 430 sit
161 397 230 443 ejus
260 397 402 429 abolitio
438 394 723 438 contemplemur:
759 394 902 426 maxime
934 406 1010 426 cum
1041 393 1215 426 audiamus

86 460 126 492 ab
151 459 330 504 apostolo,
363 457 500 502 quod²)
533 457 574 488 de
605 454 764 500 perfectis
789 455 921 496 dicitur,
945 455 1037 500 quod
1062 454 1147 487 faeie
1173 456 1215 487 ad

87 520 207 553 faciem
231 519 371 562 gloriam
387 519 422 564 ³)
446 517 588 551 Domini
620 530 657 549 ex
688 517 924 563 mysteriorum
954 516 1214 549 revelationibus

86 581 357 627 speculabuntur.

174 643 206 676 2.
253 643 379 674 Verum
412 654 474 676 nos
507 641 659 673 volentes
693 640 806 673 divina
830 640 863 673 in
888 653 949 673 nos
973 640 1134 673 beneficia
1159 640 1216 672 de-

87 714 289 744 monstrare,
323 716 405 749 quae
428 702 527 735 nobis
552 703 659 747 per4)
684 702 818 734 Patrem
844 711 876 734 et
899 701 1027 734 Filium
1051 711 1084 734 et
1108 702 1215 746 Spiri-

86 775 157 798 tum
182 775 331 799 sanctum
356 765 576 809 praebentur,
607 775 690 808 quae
723 762 869 796 Trinitas
892 763 997 796 totius
1022 772 1071 795 est
1094 763 1214 795 sancti-

86 827 162 860 tatis
186 827 273 868 fons,
298 840 430 859 excessu
455 826 601 870 quodam
615 826 648 869 ⁵)
672 824 722 857 usi
746 825 828 857 haec
854 824 1007 865 diximus,
1032 834 1064 857 et
1087 838 1215 858 sermo-

86 902 164 922 nem
193 889 235 921 de
260 887 379 928 anima,
404 887 459 932 qui
485 887 659 927 inciderat,
683 886 823 918 strictim
848 886 928 919 licet
953 886 1214 928 contingendum

89 950 291 995 putavimus,
316 950 463 983 vicinum
487 958 606 994 utpote
621 948 654 992 6)
679 948 792 980 locum
818 948 859 980 de
884 958 999 981 natura
1023 948 1215 981 rationabili

88 1011 297 1045 disserentes.
356 1010 592 1056 Opportunius
629 1018 739 1042 tamen
771 1009 804 1041 in
837 1009 915 1042 loco
930 1011 962 1054 ⁷)
1002 1009 1141 1055 proprio
1174 1011 1215 1042 de

89 1073 182 1106 omui
212 1073 403 1106 rationabili
434 1081 566 1111 natura,
603 1083 687 1116 quae
718 1070 752 1102 in
783 1070 847 1103 tria
878 1084 996 1113 genera
1020 1071 1215 1116 speciesque

91 1134 371 1177 distinguitur‚⁸)
404 1134 481 1166 Deo
516 1132 614 1165 nobis
645 1144 707 1176 per
737 1130 852 1177 Jesum
884 1132 1054 1166 Christum
1088 1142 1120 1166 et
1144 1146 1215 1166 san-

92 1206 180 1229 ctum
207 1196 371 1241 Spiritum
397 1195 612 1234 concedente,
638 1193 890 1238 disputabimus.

91 1357 140 1400 jus
166 1355 315 1388 conditio
340 1366 438 1400 atque
462 1355 623 1388 industria
656 1354 976 1399 incomparabilibus
1002 1355 1138 1388 omnino
1165 1370 1215 1388 rc—

90 1403 219 1446 liquas“
245 1410 307 1433 etc.
332 1402 370 1433 R.

183 1458 214 1501 ¹)
239 1457 343 1489 Deest
368 1462 442 1497 „et“
469 1456 502 1488 in
527 1457 603 1489 edd.
631 1456 678 1489 M.

184 1513 218 1556 2)
243 1513 299 1546 sie
323 1513 402 1545 Mss.
429 1513 520 1546 Alias
545 1516 590 1555 (v.
620 1525 646 1546 c.
672 1512 704 1544 in
732 1513 808 1546 edd.
832 1512 901 1554 M.)
939 1525 1034 1551 „cum
1059 1512 1121 1544 (10ιζ
1149 1523 1212 1548 ete.

91 1560 131 1592 R.
158 1578 199 1583 —
226 1558 294 1590 Csr.
321 1558 350 1591 ll
376 1558 454 1591 Cor.
481 1559 541 1597 Ill,
569 1557 618 1592 18.
644 1558 723 1589 coll.
751 1559 761 1590 l
788 1558 865 1591 Cor.
889 1557 982 1595 Xlll,
1006 1558 1056 1591 12.

181 1614 214 1656 ³)
240 1613 297 1646 Sic
328 1614 408 1646 Mss.
441 1614 530 1646 Alias
563 1614 610 1656 (V.
636 1627 664 1647 c.
688 1614 721 1645 in
747 1614 822 1645 edd.
847 1613 913 1654 M.)
957 1612 1115 1654 „gloriam
1152 1615 1213 1646 ‹lo-

91 1658 173 1692 mini
197 1660 237 1691 ab
261 1659 477 1691 interioribus
499 1659 778 1691 revelati‹›nibus“
805 1667 867 1691 etc.
892 1658 933 1690 R.

185 1714 219 1759 ⁴²)
243 1715 299 1748 Sic
322 1715 401 1747 Mss.
428 1715 558 1759 (itemq,
584 1715 659 1748 edd.
685 1715 751 1759 Μ.)
778 1715 883 1747 Alias:
910 1713 971 1754 „ad
995 1718 1156 1757 patrem.“
1172 1715 1210 1748 R.

185 1772 218 1813 ⁵)
244 1771 299 1804 Sic
325 1772 402 1803 Mss.
428 1771 517 1803 Alias
543 1772 590 1816 (v.
617 1784 644 1804 e.
672 1771 706 1802 in
730 1770 805 1802 edd.
831 1770 891 1814 M.)
917 1770 1085 1813 „quodam
1112 1771 1211 1803 etiarn

94 1817 158 1849 lioc
182 1816 353 1849 dicimus.“
379 1817 417 1848 R.

186 1872 219 1913 ⁶)
247 1871 302 1904 Sic
329 1872 406 1904 Mss.
434 1873 522 1904 Alias
548 1873 593 1916 (v,
619 1885 645 1904 c.
669 1871 702 1904 in
728 1871 803 1904 edd.
828 1871 893 1914 M.)
920 1880 977 1912 „ut
1002 1875 1112 1915 puta.“
1138 1872 1176 1904 R.

188 1927 221 1971 7)
247 1927 314 1961 Cfr.
339 1927 453 1961 lib.Il.
478 1932 558 1972 περὶ
584 1929 705 1971 ἀρχῶν
730 1940 800 1972 pag.
826 1927 894 1971 (ed.
920 1928 1041 1972 Ruaei)
1065 1928 1117 1962 97.
1143 1942 1210 1973 seq.

184 1986 216 2029 ⁸)
243 1984 329 2018 Edd.
354 1984 402 2018 M.
428 1984 725 2027 „distinguuntur.“
