1404 2463
189 90 233 125 62
661 93 837 127 Omen-:s

187 181 287 215 etiam
310 182 345 215 in
363 182 395 227 ¹)
420 181 685 227 omnipotentiae
708 182 813 225 gloria
837 182 1032 216 societatem
1049 182 1166 215 habeat
1180 182 1312 228 sapien-

185 243 243 283 tia,
267 256 328 288 per
347 256 444 289 quam
469 244 562 277 Deus
586 245 800 289 omnipotens
831 245 963 279 dicitur.
1018 245 1085 277 Per
1114 244 1312 289 sapientiam

187 305 287 346 enim,
312 318 396 350 quae
420 315 469 338 est
493 306 659 346 Christus,
689 316 782 340 tenet
805 307 898 340 Deus
910 307 943 351 ²)
976 306 1127 339 omnium
1158 315 1315 351 potenta-

186 377 268 407 tum,
293 381 360 400 non
385 368 496 400 solum
522 367 723 401 dominantis
736 368 946 409 auctoritate,
971 380 1086 400 verum
1111 366 1209 400 etiam
1233 367 1314 399 sub-

186 429 351 475 jectorum
376 439 562 474 spontaneo
587 430 760 464 famulatu.
806 430 852 463 Ut
875 439 985 462 autem
1009 428 1156 472 unam3)
1180 437 1213 460 et
1235 440 1312 465 eau-

188 492 264 524 dem
290 491 571 536 omnipotentiam
595 492 702 525 Patris
737 504 774 524 ac
805 491 887 524 Filii
912 504 980 524 esse
1006 504 1203 534 cognoscas,
1225 489 1314 523 sicut

187 566 270 585 unus
295 563 393 597 atque
418 554 508 586 idem
534 563 582 586 est
607 567 681 586 cum
706 554 806 586 Patre
830 554 923 587 Deus
956 562 989 586 et
1018 554 1204 592 Dominus,
1233 552 1311 585 audi

187 615 252 648 hoc
283 616 387 648 modo
418 616 583 648 Joaunem
615 616 648 648 in
683 616 886 663 Apocalypsi
923 615 1114 648 dicentem:
1153 614 1266 655 „Haec
1279 613 1312 658 ⁴)

187 677 268 710 dicit
291 676 459 709 Dominus
483 677 586 717 Deus,
611 677 668 722 qui
693 687 751 717 est,
777 687 809 710 et
833 677 890 722 qui
915 686 994 717 erat,
1020 686 1053 710 et
1075 676 1133 722 qui
1156 685 1315 708 venturus

187 749 238 772 est
262 739 509 783 omnipotens.«
547 739 615 783 Qui
638 739 726 772 enim
748 749 905 772 venturus
919 740 951 784 ⁵)
976 749 1035 778 est,
1059 738 1134 783 quis
1158 747 1207 770 est
1230 737 1315 770 alius

186 800 248 833 nisi
275 800 448 833 Christus?
484 800 527 832 Et
557 801 643 834 sicut
673 814 774 834 nemo
808 803 909 834 debet
933 800 1080 840 offendi,
1113 813 1188 833 cum
1220 800 1314 833 Deus

186 861 229 894 sit
252 862 362 901 Pater,
402 863 494 906 quod
531 862 631 895 etiam
667 863 823 896 Salvator
858 873 907 896 est
941 864 1055 896 Deus:
1096 861 1141 894 ita
1171 870 1204 894 et
1235 874 1313 893 cum

188 923 403 968 omnipotens
428 923 551 956 dicitur
565 924 598 967 ⁶)
625 924 739 964 Pater,
776 925 875 958 etiam
905 926 1020 958 nullus
1045 924 1146 957 debet
1170 923 1313 962 offendi,

188 986 281 1030 quod
309 985 408 1017 eliam
433 985 542 1018 Filius
566 985 632 1018 Dei
645 986 678 1031 ⁷)
703 986 917 1031 omnipotens
931 986 1064 1019 dicitur.
1105 986 1181 1018 Hoc
1206 985 1312 1017 modo

185 1060 330 1091 namque
355 1060 470 1079 verum
497 1048 559 1080 erit
580 1047 679 1087 illud,
704 1049 795 1092 quod
819 1048 890 1093 ipse
910 1048 991 1080 dicit
1006 1049 1049 1080 ad
1065 1047 1212 1086 Patrem,
1236 1046 1314 1091 quia

187 1109 367 1154 „omni-2⁸)
392 1122 466 1142 mea
492 1118 549 1141 tua
574 1118 662 1149 sunt,
687 1118 719 1141 et
732 1109 765 1153 Β)
789 1118 844 1142 tua
863 1122 947 1149 mea,
972 1119 1005 1141 et
1021 1108 1226 1151 glorificatus
1240 1121 1313 1140 sum

186 1170 221 1204 in
244 1171 316 1204 iis.“
365 1171 402 1204 Si
428 1183 508 1203 vero
534 1171 660 1211 omnia,
693 1183 778 1215 quae
813 1171 918 1204 Patris
949 1180 1044 1211 sunt,
1079 1169 1202 1204 Christi
1225 1179 1314 1210 sunt,

185 1232 273 1265 inter
289 1234 340 1277 ¹⁰)
366 1232 477 1265 omnia
502 1245 594 1272 vero,
619 1245 702 1277 quae
726 1242 812 1271 sunt,
836 1232 937 1264 Pater
960 1241 1009 1265 est
1033 1232 1132 1265 etiam
1157 1231 1315 1276 omnipo-

184 1303 270 1334 tens,
292 1294 363 1326 sine
389 1294 492 1327 dubio
519 1294 617 1326 etiam
642 1294 831 1336 unigenitus
854 1294 963 1326 Filius
983 1294 1083 1326 debet
1107 1306 1178 1326 esse
1202 1293 1313 1326 omni-

184 1365 317 1401 potens,
341 1365 378 1388 ut
402 1356 525 1395 omnia,
551 1369 634 1400 quae
658 1356 757 1388 habet
781 1356 898 1395 Pater,
929 1355 1028 1388 etiam
1053 1355 1160 1388 Filius
1183 1356 1313 1389 habeat.

187 1417 252 1458 „Et
267 1418 273 1436 ¹
289 1417 319 1461 ¹)
344 1416 547 1459 glorificatus
572 1430 663 1456 sum,
698 1416 824 1462 inquit,
857 1416 891 1449 in
915 1416 987 1450 iis.“
1044 1417 1083 1449 ln
1098 1417 1152 1462 ¹²)
1176 1417 1313 1450 nomine

280 1527 313 1572 ¹)
338 1528 394 1561 Sic
419 1529 499 1562 Mss.
526 1529 615 1562 Alias
640 1530 685 1574 (v.
711 1542 737 1561 c.
765 1529 799 1561 in
825 1529 900 1562 edd.
926 1528 992 1573 M.)
1019 1527 1072 1570 „in
1099 1529 1315 1573 omnipoten-

183 1573 229 1606 tia
252 1573 411 1616 glori-‘ies‘
437 1575 478 1608 R.

277 1630 312 1674 ²)
338 1630 394 1664 Sic
417 1631 498 1663 Mss.
524 1629 614 1662 Alias
639 1631 685 1675 (v.
711 1643 738 1663 c.
763 1629 796 1662 in
823 1629 899 1662 edd.
923 1629 988 1672 M.)
1016 1629 1131 1670 „Deus
1155 1629 1314 1675 omnipo-

185 1683 359 1714 tentatum,
383 1679 473 1707 non“
500 1684 562 1707 etc.
588 1676 627 1708 R.
722 1675 755 1719 ³)
780 1675 848 1708 Csr.
876 1674 927 1707 ed.
952 1674 1059 1706 Ruaei
1082 1687 1155 1718 pag.
1180 1674 1235 1709 62.

279 1730 313 1774 ⁴)
339 1731 409 1766 Cfr.
434 1734 542 1776 Apoc.
567 1732 592 1770 I,
617 1730 649 1765 8.
674 1751 716 1756 —
741 1731 805 1765 Ed.
829 1731 878 1764 M.
905 1731 930 1762 I.
958 1729 1054 1770 „Hoc
1076 1729 1177 1762 dicit“
1204 1740 1266 1764 etc.

279 1788 312 1830 ⁵)
338 1787 374 1819 in
404 1796 499 1819 antea
533 1786 631 1819 editis
665 1788 711 1826 (v.
745 1798 772 1820 c.
798 1786 873 1818 edd.
900 1786 965 1829 M.)
997 1795 1096 1830 post:
1131 1795 1312 1827 „venturus

186 1836 266 1871 est,“
299 1832 449 1864 additur:
483 1832 764 1876 „omnipotens:“
799 1843 883 1875 quae
915 1844 978 1863 vox
1008 1832 1047 1863 in·
1079 1831 1158 1864 Mss.
1190 1831 1313 1864 nostris

185 1877 287 1910 deest.
311 1878 351 1909 R.

279 1933 312 1976 ⁶)
337 1932 395 1966 Sic
432 1933 514 1965 Mss.
553 1932 641 1964 Alias
677 1944 757 1964 vero
795 1933 842 1974 (v.
878 1945 906 1967 c.
936 1931 970 1964 in
995 1931 1073 1964 edd.
1099 1931 1162 1976 M.)
1202 1931 1316 1972 „Deus

187 1978 315 2010 Pater.“
341 1978 382 2012 R.
476 1977 508 2020 ⁷)
532 1977 637 2009 Deest
664 1976 770 2018 „Dei“
797 1977 831 2009 in
857 1976 933 2010 edd.
958 1977 1007 2010 Μ.

279 2033 313 2077 ⁸)
338 2033 398 2066 Ev.
423 2033 543 2067 Joann.
566 2033 676 2072 XVH,
702 2033 752 2067 10.

279 2089 311 2133 9)
336 2089 424 2121 Edd.
452 2089 499 2122 M.
527 2098 581 2129 „et
606 2089 717 2121 omnia
741 2099 797 2121 tua
823 2093 927 2122 mea.“

260 2145 315 2188 ¹⁰)
339 2145 395 2178 Sic
423 2144 502 2177 Mss.
534 2144 664 2190 (itemq.
697 2146 772 2177 edd.
804 2145 871 2189 M.)
903 2143 1010 2177 Alias:
1050 2143 1158 2185 „inter
1189 2142 1312 2184 omnia,

188 2203 271 2236 quae
294 2199 371 2222 sunt
393 2190 507 2234 patris,
534 2199 582 2222 est
606 2191 705 2223 etiam
729 2213 782 2230 -,
808 2199 841 2222 et
866 2189 999 2222 omnia“
1025 2198 1088 2222 etc.
1115 2188 1154 2221 R.

260 2247 313 2291 ¹¹)
338 2245 397 2278 Ev.
421 2246 540 2278 Joann.
565 2247 674 2285 XVH,
700 2246 750 2281 10.

261 2301 313 2346 ¹²)
339 2301 407 2334 Cfr.
433 2301 579 2345 Philipp.
609 2302 648 2342 ΙΙ,
674 2301 724 2335 10.
753 2303 802 2337 11.
