1404 2463
386 130 430 152 ne
456 120 648 153 ancwns
678 120 785 152 Lmen
814 121 835 152 Ι.
1136 121 1176 154 91

48 206 111 239 huc
138 208 299 250 quaedam
325 208 536 240 rationabilia
569 208 677 240 officia
710 218 808 253 atque
847 209 979 240 ordines
1013 222 1080 241 esse
1106 223 1179 242 sen·

49 267 132 299 tiens
157 277 290 312 praeter
316 283 383 309 eos,
408 283 490 314 quos
514 282 613 313 supra
640 270 775 309 dixerat,
793 271 822 314 ¹)
847 271 892 302 ait
917 271 956 301 de
983 270 1175 306 Salvatore:

50 328 141 371 „Qui
156 330 188 372 2)
215 339 261 362 est
286 344 387 374 snper
411 345 544 364 omnem
567 331 812 375 principatum,
843 341 876 363 et
899 340 1118 375 poti-statem,
1145 342 1177 364 et

49 389 217 429 virtutem,
242 401 274 423 et
299 392 582 432 dominationem,
615 402 648 425 et
681 406 779 424 omne
803 405 926 424 nomen
952 393 1043 437 quod
1068 394 1178 425 nomi-

47 460 144 483 natur
174 465 242 484 non
273 453 383 485 solum
414 453 447 485 in
481 454 543 486 lioc
574 455 729 493 saeculo,
760 455 818 486 sed
843 454 943 486 etiam
970 454 1003 486 in
1027 455 1177 486 sutur0.“

48 512 96 545 Ex
123 526 188 557 quo
214 514 371 546 videlicet
404 515 550 547 ostendit
581 528 650 548 esse
683 516 843 559 quaedam
877 525 1010 559 praeter
1042 515 1179 558 ἰωὰ-,3)

49 587 132 618 quae
163 575 457 616 commemoravit,
497 590 580 620 quae
617 576 833 609 nominentur
869 577 1004 621 quidem
1040 577 1074 609 in
1115 578 1179 610 lioc

48 636 200 677 saeculo,
232 650 298 668 non
329 645 441 668 tamen
464 633 513 669 ‘ab
548 637 621 682 ipso
656 647 846 671 enumerata
877 651 965 671 nunc
979 639 1011 683 ⁴)
1044 640 1179 679 suerint,

48 698 136 729 sorte
159 710 221 730 nec
245 699 285 730 ab
309 698 376 730 alio
411 697 525 742 aliquo
560 698 748 732 intellecta:
781 713 850 732 esse
884 712 964 731 vero
990 700 1071 740 alia,
1097 714 1180 745 quae

48 758 81 790 in
105 759 170 791 hoc
193 750 328 792 saeculo
354 759 489 804 quidem
515 773 582 793 non
609 761 846 803 nominentur,
879 761 957 805 511⁵)
991 761 1105 793 futuro
1134 771 1180 794 ta-

48 833 124 853 men
149 821 420 855 nominabuntur.

135 882 166 916 2.
214 883 310 916 Tunc
341 883 461 915 deinde
491 883 664 915 sciendum
697 892 762 922 est,
799 882 875 927 quia
892 883 927 927 6)
961 896 1060 915 omne
1087 885 1177 928 quod

47 943 245 976 rationabile
271 954 329 984 est,
356 944 435 989 et7)
460 945 597 977 rationis
623 945 783 977 terminos
808 954 995 989 statutaque
1022 945 1180 985 declinat,

49 1004 118 1036 sine
143 1005 247 1038 dubio
272 1018 333 1049 per
355 1006 680 1050 praevaricationum
705 1005 788 1038 recti
813 1005 958 1050 justique
975 1007 1121 1039 efficitur
1144 1009 1178 1040 iu

48 1075 200 1110 peccato,
245 1067 306 1100 Est
335 1080 415 1112 ergo
448 1067 556 1103 omnis
589 1076 740 1100 creatura
771 1067 978 1100 rationabilis
1011 1068 1115 1101 laudis
1147 1079 1181 1101 et

51 1128 171 1172 culpae
195 1141 316 1173 capax;
346 1129 473 1168 laudis,
497 1128 524 1161 si
548 1129 731 1161 secundum
755 1128 937 1168 rationem,
964 1142 1061 1173 quam
1087 1130 1119 1162 iu
1144 1144 1179 1163 se

50 1189 160 1229 habet,
185 1191 223 1221 ad
250 1191 388 1222 meliora
412 1191 583 1235 proficiat3
610 1191 748 1234 culpae,
772 1190 799 1222 si
824 1190 988 1222 rationem
1014 1191 1106 1230 recti,
1132 1202 1181 1224 te-

51 1263 235 1295 noremque
260 1252 422 1288 declinetx
451 1261 592 1297 propter
623 1252 713 1296 quod
744 1261 834 1284 recte
870 1251 968 1283 etiam
1003 1253 1121 1296 poenis
1148 1263 1182 1286 et

51 1312 226 1356 suppliciis
249 1313 407 1359 subjacet.
455 1313 559 1356 Quod
591 1313 691 1345 etiam
725 1313 766 1345 de
798 1312 872 1357 ipso
899 1313 1036 1345 diabolo
1063 1324 1095 1346 et
1120 1315 1179 1354 his,

53 1373 107 1417 qui
133 1387 208 1405 cum
234 1374 307 1419 ipso
333 1383 419 1413 sunt,
444 1383 477 1406 et
502 1375 658 1407 dicuntur
682 1373 750 1419 ejus
776 1375 895 1417 angeli,
919 1375 1130 1408 sentiendum
1144 1378 1178 1420 Β)

52 1443 111 1469 est.
157 1435 384 1479 Exponendae
408 1444 519 1467 tamen
542 1445 618 1468 sunt
649 1435 748 1468 etiam
777 1437 1024 1480 appellationes
1049 1451 1179 1479 eorum,

51 1506 89 1529 ut
112 1496 253 1529 sciamus
277 1510 360 1541 quae
385 1497 452 1529 siut
475 1497 545 1537 ista,
571 1498 611 1530 de
637 1497 757 1542 quibus
781 1511 891 1530 sermo
917 1499 1015 1531 nobis
1040 1512 1180 1532 moven-

53 1559 112 1590 dus
136 1568 194 1591 est.
240 1558 379 1592 Diaboli
404 1558 504 1600 igitur
526 1572 661 1599 nomen,
687 1569 719 1592 et
743 1560 904 1601 Satanae,
928 1570 961 1592 et
984 1561 1119 1602 maligni
1145 1562 1178 1593 in

52 1620 165 1652 multis
195 1620 388 1664 Scripturae
420 1620 503 1652 locis
535 1621 744 1663 designatur,
778 1621 835 1666 qui
866 1631 898 1653 ct
932 1621 1085 1654 inimicus
1111 1623 1179 1655 Dei

53 1694 122 1713 esse
147 1681 352 1715 describitur.
400 1683 470 1714 Nec
503 1695 571 1714 non
604 1692 636 1715 et
668 1683 802 1726 quidam
835 1684 942 1725 angeli
967 1684 1094 1716 diaboli
1119 1698 1181 1716 no-

151 1866 180 1909 ')
204 1865 267 1897 Ed.
292 1865 339 1898 Μ.
368 1866 404 1899 ΙΙ.
432 1866 603 1907 „dixerit.“

147 1920 179 1963 ²)
205 1920 324 1964 Ephes.
352 1922 374 1961 l,
399 1922 452 1956 21.

146 1977 179 2019 ³)
204 1976 266 2008 Ed.
292 1977 338 2009 M.
365 1978 391 2011 l.
415 1991 605 2022 perperam:
635 1980 750 2020 „hoc.“

148 2031 180 2076 ⁴)
206 2032 310 2065 Deest
336 2038 463 2074 „nunc“
490 2035 522 2066 in
548 2036 623 2068 edd.
649 2036 697 2068 M.

150 2088 182 2132 ⁵)
208 2088 339 2120 Desunt
363 2087 394 2120 in
420 2088 511 2121 libris
536 2090 631 2123 editis
656 2091 703 2134 (v.
727 2104 752 2124 e.
780 2091 854 2123 edd.
881 2091 956 2134 M),
981 2091 1036 2122 sed
1057 2091 1179 2122 liaben-

59 2141 112 2165 tur
136 2133 168 2164 in
195 2134 272 2165 Mss.
299 2134 415 2165 verba:
443 2134 497 2175 „in
522 2136 669 2169 futuro.“
697 2137 737 2169 R.
764 2156 804 2161 —
831 2137 900 2169 Cfr.
926 2136 1046 2179 Ephes.
1074 2137 1098 2175 l,
1122 2136 1177 2169 21-

151 2189 183 2232 5)
209 2188 270 2221 Ed.
296 2189 344 2222 M.
371 2190 421 2221 ll.‘
440 2191 585 2233 „quud.“

153 2244 184 2287 7)
209 2244 294 2277 Edd.
322 2246 368 2278 M.
394 2258 588 2290 perperam:
616 2255 669 2287 „et
692 2246 776 2279 ratio
801 2246 834 2278 in
858 2247 1038 2279 terminos“
1067 2256 1127 2278 cte.

153 2301 186 2343 ⁵)
211 2300 266 2332 Sic
285 2301 361 2334 Mss.
389 2301 478 2333 Alias
502 2303 546 2346 (V.
563 2316 589 2336 c.
607 2302 640 2335 iu
659 2304 731 2336 edd.
746 2303 810 2347 M)
835 2303 1025 2336 »sciendum
1046 2304 1124 2337 cst.“
1141 2302 1181 2334 R„
