1404 2463
412 111 457 133 DE
483 101 673 133 Pfflmpns
698 100 808 132 LtssER
832 99 873 131 Π.
1138 98 1201 132 137

91 190 190 223 dei-iis
229 191 357 232 agitati,
396 203 496 221 unum
534 189 619 220 illud
652 198 683 220 et
716 187 931 220 indiscretum
964 194 1097 218 naturae
1127 199 1203 218 suae

90 253 214 284 honum
247 265 308 296 pro
341 251 533 283 intentionis
557 263 632 281 suae
659 249 846 281 diversitate
872 249 903 280 in
931 248 1031 279 varias
1059 248 1204 280 deduxe-

91 323 168 345 runt
194 313 354 345 mentium
381 311 578 356 qualitates?

180 374 210 407 2.
257 375 350 406 Deus
381 386 459 405 vero
484 386 544 416 per
568 371 772 404 ineffabilem
797 370 976 415 sapientiae
1000 383 1076 402 suae
1101 380 1205 403 artem

93 435 222 475 onmia,
252 448 334 479 quae
366 434 608 479 quoquomodo
640 433 740 474 fiunt,
760 433 788 475 ¹)
823 433 860 463 ad
887 431 969 463 utile
994 431 1139 476 aliquid,
1174 441 1207 463 et

93 497 131 529 ad
167 509 377 529 communem
413 495 562 527 omnium
594 495 828 526 transformans
853 506 889 525 ac
913 505 1068 536 reparans
1093 494 1208 536 profe-

93 567 199 596 ctum,
231 558 286 589 has
318 557 403 601 ipsas
429 566 609 594 creaturas,
643 568 724 600 quae
749 568 766 587 a
791 563 894 587 semet
919 554 996 598 ipsis
1021 555 1054 586 in
1078 564 1206 587 tantuin

93 618 279 650 animorum
311 618 470 650 varietate
497 617 676 656 distabant,
710 616 743 648 in
774 629 876 648 unum
910 616 1087 659 quemdam
1112 629 1209 647 revo-

94 690 145 712 cat
169 679 278 723 operis
302 679 469 723 studiique
494 691 707 718 consensum,
739 687 776 709 ut
800 677 936 709 diversis
960 677 1038 709 licet
1061 677 1208 709 motibus

94 741 297 780 animorum,
332 741 428 772 unius
465 749 574 772 tannen
607 740 720 771 mundi
752 738 995 782 plenitudinem
1027 740 1209 783 perfeetio-

93 803 280 846 nemque'2)
305 811 553 840 consumment,
573 811 669 846 atque
695 802 734 833 ad
759 814 860 832 unum
880 801 1092 844 perfectionis
1109 802 1210 834 {inem

95 863 232 895 varietas
270 864 340 907 ipsa
377 864 536 895 mentium
568 863 690 897 tendat.
738 863 810 894 Una
843 875 983 907 namque
1015 865 1118 895 virtus
1152 874 1212 902 est¹

96 938 180 969 quae
213 938 346 957 omnem
376 924 493 956 mundi
525 924 748 956 diversitatem
781 924 973 966 constringit
998 935 1029 957 et
1054 925 1212 964 continet,

97 996 195 1030 atque
230 986 263 1018 in
295 1000 396 1018 unum
428 1000 511 1030 opus
547 986 654 1017 varios
679 986 743 1026 agit
768 995 893 1027 motus,
930 999 970 1018 ne
994 987 1123 1019 scilicet
1146 996 1211 1020 tam

98 1047 294 1080 immensum
327 1048 442 1079 mundi
474 1060 557 1090 opus
591 1046 732 1078 dissidiis
756 1047 940 1079 solveretur
964 1048 1162 1081 animorum.
1179 1050 1212 1094 ³)

98 1110 141 1141 Et
165 1119 305 1152 propter
329 1110 392 1141 boc
418 1108 594 1152 opinamur
617 1117 787 1152 parentem
814 1108 962 1166 omn·ium
987 1110 1117 1148 Deum,
1148 1123 1210 1154 pro

100 1172 204 1203 salute
242 1171 469 1203 universarum
503 1179 724 1202 creaturarum
746 1183 888 1205 'suarum
921 1170 1027 1215 pei-⁴)
1058 1171 1211 1204 ineffabi-

101 1232 166 1264 lem
199 1233 291 1265 verbi
322 1232 372 1264 sui
402 1245 439 1264 ac
470 1231 646 1276 sapientiae
678 1231 839 1263 rationem
871 1231 958 1275 ita5)
983 1232 1063 1264 haec
1087 1233 1215 1274 singula

101 1293 321 1337 dispensasse,
353 1303 388 1326 ut
412 1293 530 1334 singuli
555 1293 678 1336 quique
703 1292 855 1336 spiritus,
889 1294 939 1325 vel
965 1293 1083 1334 animi,
1116 1295 1213 1339 vel⁵)

101 1355 344 1399 quoquomodo
374 1354 593 1398 appellandae
626 1362 699 1385 sunt
734 1353 944 1387 rationabiles
975 1355 1215 1398 subsistentiae,

101 1429 168 1448 non
193 1425 306 1448 contra
329 1415 455 1448 arbitrii
481 1415 688 1456 libertatem,
725 1415 753 1446 vi
779 1415 811 1448 in
836 1416 943 1456 aliud,
981 1430 1079 1461 quam
1106 1428 1215 1451 motus

196 1585 228 1628 ¹)
255 1583 311 1617 Sic
335 1584 414 1617 Mss.
438 1584 529 1616 Libri
557 1584 637 1617 editi
664 1585 707 1629 (v.
733 1598 760 1619 c.
788 1585 863 1616 edd.
881 1585 944 1628 M.)
971 1587 1146 1625 „sue1·int.“
1173 1589 1214 1621 R.

195 1641 228 1685 ²)
254 1641 310 1673 Sic
345 1641 424 1673 Mss.
462 1640 623 1674 Merlinus
662 1653 757 1672 vero:
800 1641 1035 1683 „perfectionis
1066 1656 1218 1676 consum-

104 1689 202 1719 met.“
228 1686 256 1718 R

195 1742 229 1785 ³)
253 1742 309 1774 Sic
326 1742 403 1773 Mss.
428 1740 519 1772 Libri
545 1740 626 1772 editi
651 1742 696 1783 (v.
723 1754 749 1774 c.
776 1743 826 1774 ed.
847 1742 894 1775 M.
911 1742 968 1785 ll.)
999 1743 1216 1783 „anim01·um.

106 1788 250 1830 Propter
281 1787 360 1818 llaec
392 1785 478 1817 enim
511 1786 688 1828 opinantur
712 1786 845 1829 quidam
871 1793 1062 1830 parentem“
1089 1798 1150 1822 eie,
1180 1792 1217 1823 15,

107 1852 146 1858 -—
171 1832 233 1864 Ed.
267 1833 313 1864 M.
345 1832 367 1863 l.
401 1831 618 1871 „annum-um.
674 1830 817 1875 Propter
855 1832 918 1863 hoe
955 1833 1042 1865 enim
1080 1835 1217 1879 opinans

108 1877 241 1922 quidem
267 1880 456 1919 ριιτεηῑυηιιι
485 1885 545 1907 etc.

199 1931 232 1976 ⁴)
258 1932 314 1965 Sic
344 1944 458 1964 omnes
490 1933 567 1964 Mss.
616 1933 654 1964 ln
686 1931 776 1963 libris
803 1931 899 1963 editis
925 1933 971 1976 (v.
998 1948 1025 1966 c.
1054 1937 1128 1969 cdd.
1154 1938 1219 1982 M)

108 1979 213 2010 deest:
242 1980 353 2021 „per.“
380 1978 419 2010 R.

200 2034 233 2076 ⁵)
258 2032 313 2066 Sic
346 2045 459 2065 omnes
484 2034 561 2066 Mss.
588 2034 686 2077 Apud
712 2033 890 2065 Men-linum
924 2034 992 2077 (ed.
1021 2035 1060 2078 l.)
1086 2036 1219 2078 legitur:

111 2079 177 2121 „ita
202 2078 234 2110 in
261 2080 322 2110 hoc
342 2078 487 2119 singula“
513 2088 587 2117 etc„
611 2079 699 2122 apud
717 2078 969 2111 Genebrardum
993 2094 1070 2113 vero
1090 2082 1220 2127 (itcmq.

110 2125 143 2156 in
167 2125 219 2156 ed.
245 2124 294 2156 Μ.
321 2124 375 2167 ll.)
404 2123 468 2163 „ita
491 2123 525 2155 in
551 2124 628 2155 llaec
653 2123 799 2165 singula“
826 2133 887 2156 etc.
915 2125 951 2157 l'x.

202 2180 235 2223 6)
263 2180 309 2211 lta
334 2179 411 2211 les.
429 2179 525 2211 *Libri
550 2192 628 2211 vero
653 2179 733 2211 edili
761 2180 806 2223 (v.
825 2193 850 2212 c.
871 2181 945 2214 edd.
963 2180 1027 2224 M)
1048 2182 1121 2222 „vel
1141 2197 1223 2226 quo-

111 2226 216 2257 modo
247 2225 317 2269 (ed.
342 2224 388 2257 M.
417 2225 454 2256 ll.
485 2225 788 2268 quomodocunque)
823 2225 1040 2268 appellandae
1074 2246 1115 2251 ——-
1147 2229 1224 2259 sub-

111 2270 265 2309 stantiae,
289 2282 355 2302 non
383 2290 423 2295 --
449 2269 653 2309 libertatem,
678 2270 730 2301 vel
756 2269 787 2301 in
812 2271 922 2302 aliud“
951 2279 1010 2302 etr.
1037 2272 1074 2304 R.
