1404 2463
410 105 454 126 m:
480 94 673 127 Pammpns
698 94 810 127 Lmen
838 95 878 127 ΙΙ.
1144 94 1207 130 251

90 183 187 216 nobis
216 193 293 228 post
318 183 441 217 exitum
467 183 565 216 etiam
589 182 736 224 cognitio
761 182 831 228 ejus
857 192 888 216 et
911 182 1148 226 intelligentia:
1184 186 1211 219 si

90 254 199 277 tamen
230 258 281 277 res
312 247 473 289 procedat
505 258 543 277 ex
567 253 657 276 voto.
706 244 790 277 Cum
815 258 893 286 ergo
918 246 1213 289 comprehenderi-

90 320 162 340 mus
186 307 312 349 integre
346 306 415 352 ejus
439 307 620 345 rationem,
658 314 736 337 tunc
759 314 904 351 utroque
929 307 1033 339 modo
1059 320 1212 351 compre-

90 369 272 401 hendemus
297 382 345 408 ea,
370 381 454 413 quae
479 367 621 400 vidimus
645 381 745 411 super
770 377 901 401 terram.
941 368 1024 400 Tale
1049 381 1126 410 ergo
1152 369 1211 401 ali-

90 430 170 475 quid
213 430 311 463 etiam
348 430 388 462 de
426 434 518 461 aerea
555 430 632 461 sede
667 429 846 461 dicendum
884 439 941 462 est.
989 430 1077 462 Puto
1109 431 1209 468 enim,

90 493 182 535 quod
214 488 323 524 ¹sancti
353 490 476 535 quique
509 490 717 523 discedentes
753 491 793 523 de
825 490 885 522 hac
917 490 998 530 vita,
1037 504 1211 535 permanc-

88 554 218 596 hunt')
243 553 275 585 in
303 553 379 584 loco
405 552 519 596 aliquo
544 552 578 584 in
603 561 690 584 term
708 551 831 596 posito,
856 564 954 596 quem
975 553 1210 596 paradisum2)

89 615 169 647 dicit
193 614 365 658 Scriptura
391 613 518 654 divina,
557 614 645 645 velut
671 614 703 646 in
729 614 874 658 quodam
900 613 1098 646 eruditionis
1120 615 1209 653 loco,

90 685 131 715 et,
156 685 193 708 ut
216 675 261 707 ita
285 675 436 714 dixerim,
460 674 626 707 auditorio
654 676 704 707 vel
729 676 841 708 schola
866 675 1063 715 animarum,
1088 676 1122 708 in
1141 690 1208 721 quo

88 738 128 770 de
153 737 308 769 omnibus
333 736 393 776 his,
417 749 501 781 quae
525 736 558 768 in
582 736 678 769 terris
704 736 864 775 viderant,
897 737 1091 777 doceamur,
1124 738 1210 771 indi-

86 799 134 831 cia
146 800 179 842 ³)
204 812 338 843 quoque
363 798 526 842 quaedam
551 798 716 842 accipiant
744 798 842 831 etiam
869 799 910 831 de
928 800 1208 844 consequentibus

86 869 119 893 et
141 860 275 904 futuris,
301 859 386 892 sicut
408 859 442 892 in
467 859 526 892 hac
551 873 687 904 quoque
713 860 777 892 vita
801 859 904 904 positi
921 860 1044 894 indicia
1057 862 1090 906 ⁴)
1109 875 1211 907 quae-

86 923 162 955 dam
193 923 402 961 futurorum,
434 921 513 953 licet
544 923 652 966 per⁵)
676 922 849 966 speculum
876 931 908 954 et
931 922 1131 964 aenigmata,
1162 933 1209 956 ta-

84 997 161 1016 men
185 997 224 1016 ex
248 983 357 1028 aliqua
380 991 474 1027 parte
499 993 740 1027 conceperant,
764 996 847 1028 quae
872 983 1079 1017 manifestius
1103 995 1136 1018 et
1159 987 1210 1018 lu-

85 1045 190 1078 cidius
219 1045 338 1078 sanctis
368 1044 401 1077 in
433 1044 498 1077 suis
531 1054 562 1076 et
593 1044 676 1077 locis
711 1054 744 1077 et
776 1045 985 1089 temporibus
1008 1047 1208 1080 revelantur.

84 1107 121 1141 Si
146 1107 219 1152 quis
241 1119 319 1140 sane
342 1107 485 1139 mundus
510 1106 630 1146 corde,
665 1115 696 1138 et
721 1106 839 1150 purior
861 1116 990 1146 mente,
1029 1117 1061 1140 et
1086 1109 1210 1141 exerci-

84 1169 187 1202 tatior
209 1182 306 1201 sensu
331 1168 442 1208 suerit,
465 1167 615 1202 velocius
638 1167 817 1212 proficiens
841 1167 908 1200 cito
933 1169 975 1201 ad
993 1169 1077 1202 afiris
1094 1171 1208 1203 locum

84 1231 281 1270 adscendet,
313 1239 345 1263 et
375 1231 416 1262 ad
448 1230 622 1262 coelorum
651 1242 749 1271 regna
774 1229 945 1274 perveniet
969 1244 1031 1275 per
1053 1233 1208 1265 locorum

83 1292 308 1335 singulorum,
331 1301 369 1324 ut
391 1292 436 1324 ita
460 1292 618 1331 dixerim,
648 1291 852 1331 mansiones,
884 1305 964 1336 quas
989 1293 1109 1326 Graeci
1133 1295 1208 1339 qui-

86 1356 162 1387 dem
187 1354 350 1398 sphaeras,
373 1353 408 1386 id
427 1362 475 1386 est
492 1354 622 1395 globos,
647 1352 910 1397 appellaverunt,
935 1354 1107 1398 Scriptura
1127 1369 1206 1388 vero

85 1416 196 1449 divina
228 1415 342 1447 coelos
371 1415 537 1447 nominat:
569 1415 601 1447 in
627 1414 746 1459 quibus
770 1414 908 1455 singulis
932 1416 1042 1460 primo
1069 1417 1205 1461 quidem

83 1477 264 1523 perspiciet
294 1490 348 1518 ea,
383 1490 467 1522 quae
498 1477 545 1509 ibi
577 1485 752 1519 geruntur,
783 1477 931 1509 secundo
957 1491 1036 1510 vero
1062 1479 1160 1512 etiam
1173 1481 1206 1525 6)

84 1540 259 1579 rationem,
284 1551 384 1584 quare
408 1539 617 1582 gerantur,⁷)
642 1548 815 1580 agnoscet:
842 1547 876 1571 et
899 1538 944 1571 ita
968 1552 1028 1583 per
1052 1540 1207 1574 ordinem

86 1601 336 1645 digredietur⁸)
367 1599 512 1642 singula,
543 1612 683 1643 sequens
708 1612 801 1640 eum,
834 1601 891 1644 qui
918 1609 1136 1643 transgressus
1160 1612 1208 1635 est

182 1711 214 1755 ¹)
239 1712 288 1743 Ita
312 1711 392 1746 Mss.
418 1711 508 1744 Alias
540 1712 589 1756 (v,
621 1725 649 1747 c.
679 1711 712 1744 in
745 1712 819 1744 edd.
845 1712 909 1756 M.)
937 1719 1204 1756 „permaneant.“

88 1755 129 1789 R.
155 1775 195 1780 —
219 1755 306 1788 Vide
330 1757 388 1789 lib.
415 1758 455 1790 ΙΙ.
482 1756 714 1798 Origenianor.
741 1766 864 1801 quaest.
890 1758 948 1791 Xl.
973 1771 1062 1791 num.
1084 1760 1134 1794 11.
1155 1762 1205 1795 12.

180 1812 213 1854 ²)
241 1811 309 1844 Csr.
334 1813 385 1845 ed.
413 1813 539 1856 Redep.
564 1825 637 1856 pag.
659 1812 735 1847 240.
759 1822 829 1845 not.
855 1812 907 1847 16.

179 1868 212 1911 3)
238 1867 294 1900 Sic
322 1868 401 1901 Mss.
429 1868 519 1901 Alias
544 1873 588 1912 (ν.
616 1883 643 1903 c.
667 1868 702 1900 in
727 1869 803 1901 edd.
828 1869 894 1913 Μ.)
921 1868 1094 1913 „judicia.«
1123 1873 1160 1905 R,

181 1924 214 1966 ⁴²)
239 1923 294 1956 Sic
324 1923 444 1956 iterum
479 1924 558 1958 Mss.
584 1924 674 1957 Alias
705 1925 753 1969 (v.
778 1938 806 1957 e.
838 1924 871 1957 in
908 1926 984 1958 edd.
1010 1927 1075 1971 M.)
1099 1929 1204 1961 male:

89 1969 266 2013 „iudici-‘if‘
294 1969 332 2001 R.

179 2025 210 2068 ⁵)
237 2024 327 2056 Libri
351 2023 432 2056 editi
456 2024 502 2068 (v.
529 2038 555 2060 c,
576 2025 650 2057 edd.
670 2024 735 2069 M.)
762 2039 844 2070 „per
863 2026 1036 2070 speculum
1061 2029 1093 2061 in
1118 2030 1207 2062 aeni-

87 2074 226 2112 g·n1ate.“
276 2070 353 2102 Mss.
386 2079 423 2102 ut
458 2069 492 2101 in
536 2079 652 2102 nostro
691 2079 792 2104 textu.
832 2072 868 2104 R.
901 2091 941 2096 —
983 2073 1052 2108 Cfr.
1087 2075 1204 2108 [Cor.

86 2117 182 2156 ΧΙΙΙ,
211 2115 260 2149 1⁴2.
401 2115 434 2158 6)
459 2115 564 2147 Deest
591 2115 731 2156 »εῑὶῑυιια
757 2116 790 2148 in
815 2117 889 2149 edd.
916 2117 962 2149 M.

181 2173 212 2214 7)
237 2171 322 2203 Edd.
349 2171 394 2203 Μ.
412 2175 631 2213 „geruntur-‘⁴

179 2228 210 2271 ⁸)
236 2227 292 2260 Sic
318 2227 398 2261 Mss.
426 2227 515 2259 Libri
541 2227 637 2259 editi:
666 2227 885 2268 „cgreditur.“
912 2228 950 2261 R.
972 2249 1009 2254 —
1035 2229 1094 2263 Ed.
1116 2231 1161 2264 M.
1183 2232 1205 2263 I.

90 2273 326 2315 „aggreditur,“
355 2274 404 2305 ed.
432 2273 481 2306 M.
507 2273 547 2306 ll.
576 2273 835 2314 ,‚aggredietur.“
