1404 2463
421 118 471 142 DE
497 108 693 142 ancmns
718 108 792 140 Lm.
820 107 876 139 lv.
1170 105 1236 140 475

99 201 258 234 infectam
283 199 417 239 dicunt,
454 197 629 242 qualitates
654 209 671 228 a
697 196 773 228 Deo
799 196 901 228 saetas
927 206 997 227 esse
1022 196 1235 235 confitentur,

99 261 288 294 inveniatur
323 273 385 304 per
419 259 484 292 hoc
522 257 622 290 etiam
658 257 842 289 secundum
878 256 970 300 ipsos
1004 269 1066 289 nce
1098 258 1237 306 materia

103 335 173 355 esse
198 321 339 351 infecta:
364 318 532 362 siquidem
557 317 734 362 qualitates
759 317 824 350 sint
850 317 980 358 omnia,
1011 331 1094 362 quae
1120 319 1235 363 utique

97 379 168 411 sine
200 379 470 412 contradictione
502 381 543 412 ab
578 379 737 411 omnibus
768 392 784 411 a
810 380 886 411 Deo
920 379 1025 411 sactae
1062 392 1132 412 esse
1157 393 1237 424 pro-

96 439 310 473 nunciantur.
364 440 410 473 Hi
448 453 547 481 vero,
587 439 645 484 qui
681 439 866 484 subjacenti
904 439 1036 472 cuidam
1075 441 1235 474 materiae

98 501 197 546 (193)
240 501 369 534 additas
417 501 622 534 extrinsecus
667 501 844 545 qualitates
882 502 1005 534 volunt
1045 503 1234 542 ostendere,

96 562 332 607 hujuscemodi
356 571 498 594 utuntur
522 561 704 605 exempli-53
739 562 833 594 verbi
858 561 979 604 gratia:
1012 563 1137 595 Paulus
1162 563 1233 596 sine

97 623 202 656 dubio
227 633 283 656 aut
307 632 406 663 tacet,
430 631 487 656 aut
512 622 677 667 loquitur,
701 633 758 656 aut
782 623 909 664 vigilat,
934 633 992 656 aut
1016 624 1153 665 dormit,
1177 625 1232 658 vel

96 693 191 717 certo
225 684 373 728 quodam
405 683 559 728 corporis
584 683 699 716 habitu
726 684 898 725 consistit3
935 694 990 717 aut
1016 685 1104 717 enim
1129 686 1235 725 sedet,

95 754 154 778 aut
176 754 259 786 stat,
290 754 347 777 aut
370 743 467 789 jacet.
514 745 608 778 Haec
639 745 727 777 enim
760 754 837 778 sunt
861 745 1056 778 hominihus
1080 746 1234 778 acciden0

94 806 158 848 tia,
193 805 264 839 sine
294 805 415 850 quibus
445 819 618 850 nunquam
650 807 723 839 fere
752 806 979 839 inveniuntur.
1026 808 1098 840 Nec
1121 817 1234 840 tamen

94 880 208 900 sensus
230 878 347 900 noster
370 867 548 900 manifeste
574 868 615 899 de
642 879 684 899 eo
710 867 839 911 aliquid
864 868 986 900 horum
1012 868 1150 909 definit,
1173 870 1233 902 sed

93 928 139 961 ita
164 941 241 961 eum
266 941 329 973 per
352 929 434 960 haec
457 928 694 971 intelligimus,
719 928 774 961 vel
800 929 1071 970 consideramus,
1101 939 1139 962 ut
1162 942 1231 962 non

95 989 236 1022 omnino
261 989 427 1022 rationem
458 999 560 1023 status
593 989 665 1034 ejus
696 989 1041 1034 comprehendamus,
1074 990 1174 1035 vel')
1199 991 1233 1023 in

95 1063 149 1091 eo,
174 1051 267 1095 quod
290 1050 415 1094 vigilat,
439 1051 493 1083 vel
517 1051 552 1083 in
578 1063 630 1091 eo,
656 1051 748 1095 quod
775 1049 914 1090 dormit,
947 1060 1003 1084 aut
1027 1050 1061 1082 in
1087 1064 1154 1095 quo
1181 1052 1233 1083 lo-

96 1111 230 1156 quitur,
262 1111 315 1143 vel
340 1121 449 1151 tacet,
475 1121 507 1144 et
531 1111 557 1144 si
582 1125 647 1156 qua
671 1111 735 1144 alia
760 1120 853 1151 sunt,
888 1124 973 1155 quae
996 1112 1149 1145 accidere
1172 1125 1232 1145 ne-

96 1185 187 1205 cesse
214 1181 263 1204 est
286 1172 492 1206 hominibus.
529 1173 565 1206 Si
591 1185 670 1215 ergo
697 1173 771 1218 quis
797 1173 940 1205 Paulum
965 1173 1037 1206 sine
1055 1173 1103 1205 his
1122 1174 1231 1206 omni-

93 1235 156 1267 bus
190 1246 260 1266 esse
293 1234 500 1274 consideret,
542 1247 625 1278 quac
657 1243 800 1278 possunt
829 1234 1000 1273 accidere,
1042 1234 1087 1266 ita
1120 1244 1153 1266 et
1183 1234 1230 1275 id,

95 1297 188 1341 quod
219 1294 387 1337 subiacet,
419 1295 493 1340 quis
525 1295 713 1337 intelligere
745 1295 815 1327 sine
847 1294 1063 1338 qualitatibus
1094 1295 1229 1339 poterit.

95 1357 184 1391 Cum
216 1369 294 1399 ergo
326 1370 440 1390 sensus
474 1366 591 1389 noster
622 1356 716 1388 omni
731 1355 764 1400 ²)
797 1356 957 1400 qualitate
989 1357 1030 1388 ab
1053 1355 1231 1388 intellectu

94 1432 156 1452 suo
192 1428 323 1451 remota
359 1418 470 1462 ipsum
506 1416 731 1463 subjacentiae
766 1417 891 1457 solius,
931 1425 970 1448 ut
1000 1417 1048 1449 ita
1078 1416 1230 1458 dixerim,

93 1488 257 1524 punctum
291 1487 488 1518 contuetur,
525 1487 558 1511 et
587 1478 652 1522 ipsi
684 1477 854 1518 inhaeret,
883 1490 1096 1522 nequaquam
1126 1478 1232 1522 respi-

95 1540 186 1574 ciens
209 1541 252 1573 ad
273 1539 475 1580 mollitiem,
498 1539 551 1572 vel
576 1539 754 1579 duritiem,
778 1539 834 1571 vcl
859 1539 1023 1579 calidum,
1059 1539 1113 1571 vel
1137 1538 1230 1581 frigi-

95 1603 189 1644 dum,
212 1602 267 1634 vel
291 1601 482 1641 humidum,
506 1601 560 1632 vel
584 1600 716 1633 aridum
734 1601 954 1633 substantiae:
979 1610 1060 1633 tunc
1076 1600 1231 1633 simulata

96 1663 352 1709 quodammodo
379 1662 595 1703 cogitatione,
619 1661 667 1693 his
693 1661 849 1694 omnibus
875 1661 1088 1707 qualitatibus
1105 1662 1229 1695 nudam

97 1724 268 1758 videbitur
291 1723 414 1756 intueri
440 1722 626 1757 materiam.

185 1785 240 1821 35.
287 1785 356 1819 Sed
380 1785 521 1817 fortasse
546 1784 696 1830 requiret
719 1784 850 1828 aliquis,
875 1784 902 1816 si
926 1797 1104 1828 possumus
1129 1785 1230 1818 etiam

95 1848 138 1880 de
163 1846 346 1891 Scripturis
379 1845 594 1878 occasionem
620 1845 766 1890 aliquam
790 1845 1031 1887 intelligentiae
1055 1846 1154 1891 liujus
1179 1861 1232 1880 ac—

97 1908 221 1953 cipere.
266 1907 412 1940 Videtur
443 1907 527 1939 mihi
557 1907 624 1940 tale
654 1906 784 1951 aliquid
814 1907 992 1949 significari
1021 1907 1055 1940 in
1080 1908 1231 1950 Psalmis,

98 1982 174 2002 cum
206 1967 331 2002 (licitur
361 1981 378 2000 a
403 1969 586 2012 propheta:
620 1968 930 2014 „Imperfectum³)
955 1978 1051 2002 tuum
1076 1970 1231 2004 viderunt

193 2129 225 2172 ¹)
250 2128 308 2162 Sic
332 2141 449 2161 omnes
473 2130 554 2162 Mss.
580 2129 674 2163 Editi
698 2131 745 2175 (ν.
771 2144 796 2164 c.
824 2132 901 2166 edd.
926 2131 992 2175 M.)
1021 2131 1093 2172 „vel
1116 2131 1151 2164 in
1176 2144 1229 2174 eo,

98 2174 157 2219 qui
181 2173 313 2216 vigilat,
337 2173 449 2206 vel-in
475 2187 535 2215 eo,
561 2175 617 2218 qui
643 2176 789 2216 dormit,
813 2186 870 2209 aut
893 2176 926 2208 in
953 2188 1013 2216 eo,
1039 2178 1096 2220 qui
1122 2177 1232 2220 loqui—

98 2223 184 2253 tur.“
210 2220 252 2252 R.
392 2220 426 2262 ²)
450 2219 513 2252 Ed.
540 2219 589 2253 M.
617 2221 640 2253 l.
669 2222 730 2262 „ab
757 2221 870 2254 omni“
897 2231 960 2254 cte.

191 2275 227 2319 ³)
253 2275 301 2307 lta
333 2274 464 2319 optime
489 2276 569 2309 Mss.
595 2276 686 2309 Male
715 2277 796 2310 editi
824 2277 873 2321 (v.
901 2290 927 2310 c.
955 2277 1030 2310 edd.
1056 2277 1119 2319 Μ.)
1147 2276 1231 2317 „lm-
