1404 2463
214 95 257 130 76
688 93 863 128 Omonms

213 197 325 218 rursus
348 182 382 215 in
414 183 585 225 evangelio
618 184 659 216 de
690 183 811 216 divinis
840 197 878 216 ac
906 182 1182 228 profundioribus
1213 180 1337 214 doctri-

213 246 262 279 nis
283 247 314 290 Ι)
338 258 606 278 commemorans
631 245 794 285 Salvator,
819 259 899 290 quas
911 245 944 289 ²)
968 245 1119 277 nondum
1136 256 1254 288 capere
1273 255 1337 287 po—

213 316 321 340 terant
344 305 502 351 discipuli
526 306 588 346 sui,
612 306 656 339 ita
679 306 725 339 ait
748 307 834 349 ad³)
859 307 1049 352 apostolos:
1075 304 1215 347 „Adhuc
1230 303 1335 336 multa

213 370 333 409 liabeo,
357 381 442 413 quae
459 368 552 401 vobis
570 368 737 413 dicam,⁴)
760 369 868 410 sed⁵)
893 382 959 400 non
985 367 1125 413 potestis
1148 366 1206 398 illa
1229 365 1334 397 modo

212 444 349 476 capere:
388 443 463 462 cum
494 440 605 462 autem
637 430 763 463 venerit
795 431 988 463 consolator
1018 428 1162 474 Spiritus
1192 436 1336 466 sanctus,

211 493 270 525 ille
295 505 352 525 vos
377 491 515 524 docebit
540 491 663 533 omnia,
688 501 722 525 et
746 492 976 525 commonebit
1001 491 1123 531 omnia,
1158 502 1243 535 quae
1268 488 1336 521 dixi

209 554 338 588 vobis.“
384 553 428 586 Et
451 552 497 586 ita
519 553 731 586 sentiendum
754 563 820 594 est,
856 555 948 599 quod
971 553 1058 587 sicut
1081 551 1254 596 Filius,⁶)
1277 549 1335 595 qui

210 615 302 648 solus
327 614 498 656 cognoscit
527 615 678 654 Patrem,
709 616 836 648 revelat
867 616 919 649 cui
944 617 1032 649 vult:
1066 615 1113 648 ita
1143 612 1335 658 Spiritus⁷)

210 686 351 717 sanctus,
364 675 422 721 qui
438 677 528 709 solus
543 686 708 710 scrutatur
725 677 823 710 etiam
838 678 903 710 alta
923 678 1001 718 Dei,
1025 676 1152 710 revelat
1163 674 1335 718 Deum,⁸)

211 739 264 772 cui
288 738 370 772 vult.
419 737 585 782 „Spiritus
596 739 629 783 ⁹)
655 739 743 771 enim
761 739 819 771 ubi
836 741 907 771 vult
923 739 1058 784 spirat.“
1100 739 1219 782 Neque
1244 735 1333 768 enim

210 801 286 846 (62)
310 799 495 845 putandum
521 809 586 840 est,
619 801 711 844 quod
747 800 846 833 etiam
877 800 1022 845 Spiritus
1045 800 1137 833 Filio
1163 797 1332 831 revelante

209 862 390 905 cognoscit.
438 861 544 906 Si¹⁰)
575 861 664 894 enim
693 863 862 895 revelante
886 862 978 895 Filio
1004 860 1177 903 cognoscit
1200 861 1334 893 Patrem

208 923 354 969 Spiritus
378 931 526 963 sanctus,
558 935 637 965 ergo
669 936 707 956 ex
741 923 928 966 ignorantia
958 924 999 956 ad
1030 922 1202 956 scientiam
1226 921 1334 954 venit:

209 985 301 1029 quod
322 983 439 1028 utique
465 993 497 1016 et
520 983 662 1028 impium
687 984 813 1029 pariter
836 995 868 1017 et
897 985 1036 1017 stultum
1068 994 1133 1027 est,
1170 983 1333 1028 Spiritum

208 1055 357 1079 sanctum
382 1044 546 1085 confiteri,
570 1055 603 1077 et
627 1046 844 1087 ignorantiam
863 1047 892 1079 ei
910 1046 1106 1080 adscribere.
1142 1047 1220 1079 Non
1244 1045 1333 1078 enim

208 1121 284 1141 curn
315 1107 406 1139 aliud
437 1106 564 1151 aliquid
595 1117 682 1140 esset
711 1117 889 1153 antequam
920 1108 1063 1153 Spiritus
1093 1116 1242 1148 sanctus,
1272 1120 1334 1151 per

208 1170 398 1214 profectum
424 1168 514 1201 venit
538 1168 572 1201 in
597 1169 662 1201 hoc
683 1179 721 1202 ut
745 1179 830 1202 esset
853 1169 1000 1214 Spiritus
1022 1179 1172 1212 sanctu53
1196 1177 1234 1201 ut
1257 1167 1331 1212 quis

209 1232 330 1264 audeat
353 1230 477 1270 dicere,
501 1230 579 1275 quia
603 1239 682 1263 tunc
707 1230 853 1276 quidem,
878 1245 953 1264 cum
977 1232 1129 1265 nondum
1153 1241 1238 1265 esset
1253 1230 1331 1277 Spi-

306 1377 336 1418 ¹)
361 1374 418 1408 Sic
437 1375 514 1408 Mss.
540 1376 630 1408 Libri
648 1376 730 1409 editi
753 1380 798 1420 (V.
815 1390 842 1409 c.
860 1379 935 1411 edd.
954 1379 1018 1422 M.)
1045 1378 1271 1423 „discipulis.“
1289 1381 1329 1413 R.

298 1433 333 1474 2)
357 1432 444 1464 Edd.
471 1433 517 1465 Μ.
545 1436 683 1476 „quae.“

299 1488 333 1531 ³)
358 1488 414 1521 Sic
438 1489 518 1521 RIss.
544 1488 635 1520 Libri
660 1489 740 1521 editi
766 1489 812 1531 (v,
838 1502 866 1522 e.
891 1491 967 1523 edd.
992 1491 1056 1534 M.)
1089 1492 1150 1530 „ad
1183 1491 1329 1537 discipu-

209 1533 276 1565 los:
305 1533 445 1565 Adhuc“
477 1543 538 1566 etc.
571 1534 610 1567 R.
641 1554 685 1559 —
725 1534 794 1568 Cir.
830 1548 878 1567 ev.
910 1536 1029 1569 Joaun.
1060 1536 1160 1578 XVI,
1194 1537 1244 1572 12.
1277 1538 1327 1574 13.

206 1579 286 1613 coll.
309 1578 402 1618 XlV‚
424 1578 478 1613 26.

299 1633 332 1678 ⁴)
357 1634 444 1667 Edd.
469 1634 517 1667 M.
546 1634 727 1676 „edicam.“
1032 1664 1035 1665 γ

301 1690 333 1733 ⁵)
359 1690 450 1723 Libri
477 1690 557 1722 editi
581 1693 627 1733 (v.
655 1703 681 1724 e.
707 1691 781 1722 edd.
808 1691 872 1734 M.)
898 1692 974 1731 „scd
1001 1705 1068 1724 non
1085 1693 1225 1736 potestis
1247 1707 1326 1738 por—

207 1747 276 1769 tare
301 1736 415 1768 modo.
464 1736 548 1768 Cum
573 1744 683 1767 autem
710 1735 834 1767 venerit
858 1737 1053 1779 paraclitus,
1077 1737 1111 1769 id
1135 1748 1184 1771 est
1207 1752 1328 1771 conso-

207 1783 294 1814 lator
317 1780 461 1825 Spiritus
484 1790 625 1819 sanctus,
655 1802 685 1805 —
705 1806 712 1819 ,
739 1794 821 1824 quae
846 1781 911 1813 dixi
936 1782 1040 1815 vobis.
1086 1783 1131 1815 Et
1154 1783 1199 1815 ita
1221 1784 1328 1816 scien-

206 1828 287 1859 dum
312 1830 381 1858 est“
408 1835 470 1858 etc.
505 1827 573 1859 Sed
593 1839 709 1857 omnes
726 1826 833 1858 Codd.
849 1826 926 1858 Mss.
943 1827 1024 1859 utin
1041 1838 1155 1860 nostro
1168 1838 1267 1861 textu.
1286 1830 1326 1862 R.

298 1881 333 1926 ὃ)
359 1881 426 1914 Cfr.
451 1882 533 1913 Luc.
557 1881 600 1920 X,
623 1881 676 1914 22.
772 1881 805 1923 ⁷)
833 1882 901 1915 Csr.
928 1884 937 1914 l
966 1884 1043 1916 Cor.
1070 1884 1111 1924 ll,
1137 1884 1188 1919 10.

297 1938 332 1980 ⁸)
356 1936 461 1987 Deest
483 1936 516 1968 in
541 1946 635 1969 antea
661 1936 758 1969 editis
782 1938 828 1981 (v.
855 1951 881 1972 c.
907 1939 982 1972 edd.
1007 1940 1095 1984 M.)‚
1119 1941 1178 1973 sed
1201 1941 1327 1986 reperi—

207 1993 260 2015 tur
282 1982 316 2014 in
341 1983 495 2014 omnibus
518 1982 597 2014 Mss.
622 1982 787 2023 „Deum.“
814 1983 851 2015 RV

299 2038 333 2080 ⁹)
357 2037 417 2070 Ev.
441 2038 562 2070 Joaun.
587 2038 646 2078 lll,
669 2038 700 2072 S.

280 2093 332 2136 ¹⁰)
359 2093 494 2125 Exstant
519 2094 633 2126 verba:
661 2094 716 2135 „Si
745 2114 802 2133 ——,
833 2094 896 2127 nisi
928 2094 1005 2139 quia
1036 2104 1068 2126 et
1098 2095 1169 2139 ipse
1192 2108 1325 2140 semper

207 2148 277 2170 crat
301 2137 446 2182 Spiritus
469 2142 644 2178 sanctus,“
680 2140 712 2170 in
744 2140 890 2183 Apolog.
920 2139 1096 2184 Pamphili.
1127 2140 1197 2173 Cfr.
1229 2142 1323 2183 Orig.

208 2186 298 2227 Opp.
325 2184 375 2215 ed.
408 2183 511 2215 Ruaei
542 2184 641 2216 Tom.
667 2184 720 2216 lV.
757 2185 943 2229 Appendic.
975 2198 1046 2229 pag.
1071 2184 1124 2218 27.
1156 2186 1237 2221 coll.
1270 2188 1322 2220 ed.

207 2238 310 2262 nostr.
333 2229 433 2262 Tom.
456 2228 581 2262 XXIV.
606 2242 680 2274 pag.
704 2229 780 2265 340.
809 2240 910 2276 atque
934 2231 985 2263 ed.
1001 2230 1130 2275 Redep.
1154 2244 1228 2276 pag,
1248 2231 1323 2268 126.

207 2283 277 2312 not„
301 2274 333 2308 5.
