1404 2463
390 134 434 156 DE
461 123 656 157 Pumcwns
681 124 755 156 Lux.
783 125 839 157 lV.
1110 123 1173 157 421

45 222 231 246 creatorem
260 213 371 245 Deum
397 223 549 246 nostrum
575 213 743 251 colamus,
781 222 946 245 tentemus
971 224 1004 245 et
1027 227 1087 245 nos
1113 214 1173 245 niti

42 287 261 319 magnopere,
300 288 367 318 quo
400 275 670 319 derelinquentes
696 275 870 307 initiorum
897 274 1021 307 Christi
1045 288 1172 307 sermo-

42 350 137 375 nem,
163 350 247 381 quae
272 346 347 368 sunt
373 337 479 381 prima
503 337 597 368 initia
621 336 789 376 scientiae,
805 339 837 378 Ι)
862 338 901 369 ad
927 336 1171 380 perlectionem

41 400 204 437 feramur,
238 407 273 430 ut
298 397 355 430 illa
380 398 558 442 sapientia,
594 411 677 442 quae
703 398 862 442 persecfis
886 397 1043 437 traditur,
1069 397 1169 430 etiam

41 459 138 491 nobis
161 460 320 492 tradatur.
370 461 416 492 lta
443 472 586 503 namque
610 460 795 503 pollicetur
821 460 890 502 ille,
915 460 968 492 cui
993 460 1168 492 commissa

41 530 89 553 est
122 520 217 565 liujus
249 521 430 564 sapientiae
462 521 685 565 praedicatio,
728 521 857 553 dicens:
897 521 1169 565 ‚‚Sapientiam²)

39 591 150 614 autem
184 583 356 626 loquimur
390 582 476 615 inter
508 584 694 626 perfectos,
734 582 930 627 sapientiam
962 592 1073 615 autem
1100 595 1168 615 non

39 644 135 687 hujus
159 644 286 683 mundi,
310 656 419 687 neque
444 643 633 688 principum
652 643 747 688 liujus
769 645 897 683 mundi,
922 644 978 689 qui
996 645 1169 676 destruen-

42 705 175 749 tur.“‘³)
224 705 272 736 Ex
307 719 373 749 quo
400 705 564 744 ostendit,
590 705 711 750 quia‘¹)
737 706 818 738 nihil
845 718 1023 738 commune
1048 705 1166 737 habeat

40 767 120 798 haec
145 778 257 800 nostra
281 766 455 810 sapientia,
481 776 640 810 quantum
664 768 704 799 ad
730 767 891 800 sermonis
916 768 1073 799 decorem
1092 779 1168 810 per-

38 827 133 867 tinet,
163 841 239 860 cum
254 828 286 871 ⁵)
314 829 430 860 mundi
455 828 551 873 hujus
576 829 749 872 sapientia.
798 829 889 861 Haec
913 828 1013 870 igitur
1035 827 1165 872 sapien-

38 889 82 921 tia
107 889 228 922 clarius
253 898 286 921 et
310 891 491 933 perfectius
516 891 768 933 describetur⁶)
791 889 824 921 in
850 891 1008 922 cordibus
1030 890 1164 930 nostris,

37 951 64 983 si
97 951 193 983 nobis
229 951 392 994 patefacta
418 952 516 995 (164)
543 952 644 984 suerit
669 951 898 994 secundus-1⁷)
924 950 1162 983 revelationem

37 1011 198 1059 mysterii,
224 1013 318 1057 quod
341 1012 550 1056 temporibus
576 1013 717 1045 aeternis
742 1012 975 1045 absconditum
993 1021 1052 1052 est,
1076 1025 1163 1044 nuuc

36 1083 146 1107 autem
172 1074 385 1106 manifestum
410 1084 459 1106 est
476 1088 536 1118 per
552 1074 740 1118 Scripturas
758 1073 980 1118 propheticas,
1005 1082 1038 1105 et
1054 1073 1160 1118 per’3)

36 1137 215 1169 adventum
247 1135 389 1168 Domini
418 1146 450 1168 et
481 1135 664 1169 Salvatoris
694 1135 799 1167 nostri
823 1136 901 1168 Jesu
929 1134 1070 1169 Christi:
1106 1135 1161 1167 eui

38 1207 87 1231 est
110 1198 215 1241 gloria
239 1197 274 1230 in
298 1207 431 1231 aeterna
453 1198 596 1230 saecula.
644 1199 764 1230 Amen.

36 1459 140 1503 Quod
171 1460 268 1492 multi
300 1459 517 1504 spiritualiter
549 1472 616 1491 non
641 1459 862 1502 intelligentes
885 1461 1093 1505 Scripturas,
1125 1470 1157 1493 et

155 1521 242 1554 male
272 1521 515 1563 intelligentes,
539 1521 572 1553 in
597 1521 746 1554 haereses
771 1521 1035 1566 declinarunt.⁹)

123 1611 155 1645 8.
203 1611 264 1644 His
297 1611 397 1653 igitur
425 1611 573 1643 breviter
604 1611 771 1654 assignatis
806 1613 848 1644 de
882 1626 942 1652 eo,
978 1613 1070 1657 quod
1097 1627 1158 1657 per

34 1675 198 1720 Spiritum
223 1681 371 1706 sanctum
397 1672 591 1716 scripturae
616 1673 746 1706 divinae
773 1674 951 1718 inspiratae
977 1685 1069 1714 suut,
1100 1688 1156 1707 ue-

130 1811 159 1854 ¹)
187 1810 243 1843 Sic
267 1809 345 1840 Mss.
370 1807 459 1839 Editi
485 1809 532 1852 (ν.
557 1822 584 1842 c.
610 1809 685 1842 edd.
711 1809 776 1854 Μ)
803 1809 1036 1854 „sapientiae.“
1063 1811 1102 1842 R.

128 1867 160 1909 ²)
188 1867 199 1898 l
227 1865 304 1898 Cor.
330 1865 374 1904 ll,
397 1864 428 1898 6.

125 1923 160 1966 ³)
186 1921 243 1955 Sic
267 1921 346 1953 Mss.
372 1919 462 1952 Editi
487 1920 532 1963 (v.
561 1934 587 1952 c.
613 1921 688 1953 edd.
717 1921 781 1965 M.)
807 1922 1088 1963 „dissolvuntur.“
1115 1923 1156 1955 R.

127 1978 161 2022 ¹¹)
186 1977 249 2011 Ed.
274 1977 321 2009 M.
348 1976 388 2008 ll.
415 1976 560 2019 „quod.“

129 2036 162 2079 ⁵)
187 2033 274 2066 Edd.
300 2033 346 2065 Μ.
374 2046 469 2073 „cum
497 2031 592 2077 hujus.
617 2034 733 2065 muudi
758 2034 949 2078 sapientin.“

125 2087 160 2133 ὃ)
185 2090 241 2123 Sic
268 2090 346 2122 Mss.
370 2089 462 2121 Editi
486 2089 533 2132 (v.
561 2103 588 2121 c.
614 2090 690 2123 edd.
715 2090 780 2134 M.)
806 2090 1059 2131 „deserffiiturst‘
1087 2090 1123 2122 R.

130 2144 161 2190 7)
188 2146 255 2179 Csr.
282 2146 381 2177 Rom.
406 2145 497 2186 XVl,
517 2145 569 2179 25.
593 2145 646 2179 26.

126 2204 140 2223 5
185 2202 315 2234 Desunt
339 2200 372 2233 in
399 2201 450 2233 cd.
478 2201 568 2233 Rode
599 2227 605 2234 .
631 2203 745 2234 verba:
778 2226 794 2242 „
811 2216 859 2234 ›cr
882 2203 1061 2235 adventum
1086 2202 1157 2235 Do—

74 2249 80 2255 ,
110 2248 117 2254 ,
145 2203 160 2247 )
191 2251 208 2268 α
573 2214 594 2245 Ρ
800 2216 811 2246 ι

37 2261 119 2281 mim
143 2257 187 2282 et.

129 2304 163 2346 9)
191 2304 229 2336 ln
255 2304 331 2336 edd.
358 2303 402 2335 Μ,
430 2302 549 2334 abhinc
575 2302 704 2335 orditur
730 2302 841 2347 Caput
867 2304 1071 2337 Secundum.
