1404 2463
223 107 266 142 92
699 106 872 139 Oamms

224 196 403 235 minantur,
427 195 484 227 scd
511 204 543 227 et
566 194 721 239 princeps
739 195 769 238 ¹)
793 193 909 226 mundi
933 193 1041 239 hujus,
1066 193 1121 237 qui
1138 201 1251 225 utrum
1274 193 1346 237 ipse

224 258 267 291 sit
289 257 454 296 diabolus,
478 270 517 289 an
542 256 624 288 alius
651 256 743 299 quis,
767 255 917 287 nondum
942 255 1116 287 manifeste
1141 254 1344 287 declaratum

224 329 282 352 est.
328 318 501 363 Principes
533 329 667 361 quoque
700 315 796 361 liujus
827 316 945 349 mundi
975 316 1156 361 quidam2)
1190 316 1346 349 dicuntur

221 381 417 425 sapientiam
459 378 623 424 quandam
663 377 837 417 habentes,
877 390 961 422 quae
997 379 1204 411 destruetur:
1240 378 1299 411 sed
1311 379 1346 423 3)

222 452 335 474 utrum
359 441 422 485 ipsi
446 440 510 473 sint
534 439 587 472 isti
612 439 791 484 principes,
816 438 872 484 qui
898 448 930 471 et
953 439 1004 471 illi
1027 449 1105 472 sunt
1127 439 1346 485 principatus,

221 505 377 537 adversus
402 515 486 547 quos
510 501 606 534 nobis
632 510 681 533 cst
705 500 919 540 colluctatio,
943 514 983 533 an
1008 501 1065 533 alii
1089 501 1172 542 sint,
1205 514 1274 534 non
1299 502 1347 534 fa·

223 566 285 598 cile
310 564 392 597 mihi
415 565 455 596 ab
480 563 594 607 aliquo
619 562 902 607 pronuntiandum
928 563 1070 596 videtur.
1116 563 1197 595 Post
1221 562 1346 607 princi-

220 637 316 672 patus
340 636 450 659 autem
475 626 574 658 ctiam
587 625 619 670 ⁴)
645 633 826 669 potestates
851 625 1013 669 quaedam
1037 624 1262 665 nominantur,
1289 626 1348 658 ad-

222 702 333 722 versus
359 701 438 733 quas
464 686 660 719 colluctatio
688 685 786 718 nobis
810 695 878 725 est,
903 695 936 718 et
959 698 1044 728 agon
1069 686 1210 728 geritur:
1235 687 1294 719 sed
1311 688 1344 731 ⁶)

222 760 256 784 et
279 751 433 783 adversus
456 748 626 794 principes
651 748 766 780 mundi
790 747 944 794 hujus‚⁶)
969 757 1001 781 et
1024 757 1171 781 rectores
1195 749 1347 781 tenebra·

220 826 294 845 rum
319 812 446 844 harum.
461 812 493 856 ⁷)
541 809 715 852 Quaedam
736 809 835 841 etiam
852 809 1036 854 spiritualia
1050 810 1196 842 malitiae
1215 810 1249 843 in
1267 823 1345 843 coe-

220 872 357 905 lestibus
381 873 422 904 ab
445 871 520 916 ipso
545 871 653 904 Paulo
685 871 910 904 nominantur.
964 871 1057 914 Quid
1092 881 1202 904 autem
1233 871 1347 904 dicen-

219 935 300 966 dum
333 943 381 967 est
413 933 510 966 etiam
542 934 584 965 de
597 933 630 977 ὅ)
662 931 891 977 spiritualibus
922 933 1074 975 malignis
1112 942 1145 966 et
1173 933 1347 966 daemoni-

218 997 280 1028 bus
292 995 325 1040 9)
348 994 540 1034 immundis,
565 994 622 1039 qui
643 993 676 1026 in
690 993 879 1036 Evangeliis
895 994 1132 1028 nominantur?
1154 995 1243 1027 Tum
1268 994 1345 1040 (66)

219 1058 340 1090 deinde
365 1057 578 1102 appellantur
601 1056 700 1088 etiam
716 1056 768 1100 ¹⁰)
794 1056 956 1100 quaedam
983 1056 1085 1089 simili
1105 1056 1252 1102 nominer
1268 1070 1347 1089 coe-

218 1119 331 1160 lestia,
361 1120 419 1152 sed
452 1131 535 1162 quae
566 1117 726 1150 dicuntur
755 1130 842 1160 genu
866 1118 1018 1158 flectere,
1050 1119 1103 1150 vel
1128 1131 1197 1151 esse
1220 1119 1346 1152 flexura

218 1182 253 1214 in
276 1181 414 1214 nomine
437 1180 528 1220 Jesu,
553 1179 610 1212 sed
637 1188 670 1211 et
691 1179 858 1212 terrestria
884 1189 917 1212 ct
934 1179 1073 1220 inferna,
1099 1193 1182 1224 quae
1205 1193 1267 1225 per
1291 1193 1346 1213 or·

218 1243 330 1275 dinem
355 1242 546 1286 Paulus¹¹)
572 1250 755 1274 enumerat.
771 1241 825 1285 12)
872 1242 909 1273 ln
934 1254 974 1273 eo
1000 1254 1078 1274 sane
1103 1242 1193 1284 loco,
1217 1241 1251 1274 in
1275 1255 1343 1287 quo

313 1355 343 1398 ¹)
370 1353 426 1387 Sic
450 1363 540 1386 recte
570 1353 651 1386 Mss.
683 1353 775 1386 Male
807 1365 886 1385 vero
917 1353 994 1386 libri
1027 1353 1109 1386 editi
1140 1354 1188 1399 (v.
1213 1367 1240 1387 c.
1266 1355 1343 1389 edd.

217 1401 283 1444 Μ)
311 1399 531 1444 „principes.“
558 1399 597 1430 R.

308 1457 342 1498 ²)
369 1455 425 1488 Sic
450 1455 528 1487 Mss.
562 1455 601 1487 In
633 1463 728 1486 antea
761 1453 857 1486 editis
888 1454 934 1498 (v.
960 1467 987 1486 c.
1013 1454 1089 1487 edd.
1113 1454 1180 1498 M.)
1205 1454 1342 1496 legitur:

216 1501 407 1546 „quidem.“
432 1500 473 1533 R.

305 1557 340 1599 3)
365 1556 421 1589 Sic
453 1556 533 1588 Mss.
564 1554 656 1586 Libri
687 1564 782 1587 antea
814 1554 893 1586 editi
931 1554 979 1598 (v,
1012 1568 1038 1587 c.
1065 1554 1140 1586 edd.
1164 1554 1230 1598 M.)
1263 1555 1341 1596 „sed

218 1612 331 1635 utrum
356 1601 410 1633 isti
433 1609 509 1632 sunt
532 1599 701 1644 principes
725 1600 788 1639 illi,
814 1600 870 1643 qui
894 1609 970 1631 sunt
993 1599 1199 1644 principatus
1224 1621 1277 1641 —,
1300 1613 1340 1633 an

217 1647 273 1680 alii
298 1650 406 1680 sunt.“
430 1646 470 1678 R.
497 1664 537 1669 —
565 1644 632 1677 Csr.
658 1645 780 1689 Ephes.
803 1645 859 1684 VI,
885 1645 936 1679 12.

308 1704 342 1746 ⁴)
367 1702 454 1734 Edd.
480 1700 527 1734 M.
553 1704 638 1741 „et.“
665 1721 705 1725 —
732 1701 802 1734 Csr.
827 1701 950 1745 Ephcs.
974 1701 1033 1739 VI,
1059 1699 1111 1734 12.

308 1759 340 1800 ⁵)
365 1757 427 1790 Ed.
453 1757 501 1789 M.
529 1757 551 1790 l.
585 1757 662 1798 „sed
686 1757 863 1789 adversus“
897 1766 977 1797 etc.,
1010 1757 1064 1790 cd.
1090 1757 1139 1792 Μ.
1165 1757 1207 1789 ll.
1233 1757 1343 1799 „scili-

218 1813 269 1836 cet
293 1804 468 1836 adversus“
496 1811 557 1837 etc,

309 1860 343 1902 ⁶)
368 1859 473 1890 Deest
499 1856 636 1901 „liujus“
662 1857 694 1889 in
719 1858 793 1890 edd.
820 1858 868 1890 Μ.
895 1878 935 1884 --
963 1858 1032 1891 Csr.
1055 1857 1178 1902 Eplies.
1203 1859 1262 1900 Vl,
1288 1859 1340 1893 12.

309 1915 342 1958 ⁷)
367 1914 428 1946 Ed.
455 1913 501 1945 M.
530 1913 552 1944 l.
581 1912 736 1952 „harum,
760 1915 922 1956 quaedam
948 1913 1152 1958 spiritualia“
1179 1924 1260 1955 etc.,
1286 1916 1339 1948 ed.

217 1962 266 1994 M.
307 1961 346 1992 ll.
389 1959 542 1999 „l1a1·um:
579 1971 661 2001 quae
698 1959 796 1990 ctiam
830 1959 1036 2003 spiritualia“
1080 1969 1141 1992 etc.
1184 1980 1226 1985 —-
1265 1960 1336 1994 Csr.

216 2005 338 2051 Eplics.
363 2005 418 2042 Vl.
444 2003 495 2037 12.

308 2060 342 2104 ⁸)
367 2059 423 2092 Sic
447 2059 527 2091 Mss.
558 2057 651 2090 Libri
682 2058 763 2090 editi
795 2060 842 2103 (ν.
869 2072 895 2092 e.
922 2060 997 2092 edd.
1023 2061 1088 2106 M.)
1123 2061 1186 2101 „de
1215 2060 1337 2105 spiriti-

215 2109 275 2139 bus
299 2103 481 2145 malignis.“
510 2104 546 2136 R.

308 2162 341 2204 9)
366 2159 441 2192 Edd
477 2159 524 2191 M.
551 2160 801 2200 „dac—monibus,
826 2170 858 2194 et
882 2160 1074 2203 immundis,
1099 2161 1177 2206 qui“
1204 2171 1265 2196 etc.

287 2217 341 2259 ¹⁰)
364 2215 450 2248 Edd.
476 2215 524 2247 M.
551 2217 732 2259 „quaedam
757 2216 887 2251 etiam.“

278 2272 340 2315 (Η)
366 2270 434 2303 Csr.
460 2270 606 2315 Philipp.
633 2272 673 2311 ll,
700 2272 751 2307 10.

290 2328 341 2371 Ι“-’)
367 2327 446 2359 Post
474 2331 711 2367 „enumeratff‘
745 2330 898 2362 contiuua
924 2330 1026 2369 serie,
1058 2344 1117 2372 ncvc
1142 2331 1209 2363 ulla
1235 2330 1335 2363 inter-
