1404 2463
0 1678 3 1696 v
0 1535 7 1635 --ν--Ᾰ-ᾼν
0 1237 9 1517 υ--φ-φ.«ε-4-
0 627 13 1210 ε.-ο,.-.ι-“---Ή-.-,..-
10 547 14 612 -.fic

20 408 31 1439 ῂ-ᾲ--ΔἬ

393 85 436 107 m:
463 75 654 108 ancwns
688 74 799 106 Lissssn
827 74 865 105 ΙΙ.
1134 72 1196 107 185

79 165 229 210 pluribus
265 164 462 200 testimoniis
501 163 644 196 convicti
683 163 839 195 haeretici
879 162 1059 206 aliquando
1102 164 1189 195 sorte

79 228 283 260 erubescant.

329 494 568 535 CAPUT
627 494 941 534 SEXTUM.

404 594 456 626 De
482 593 708 626 incarnatione
734 593 866 627 Christi.

168 686 196 718 1.
243 684 392 728 Tempus
425 693 472 716 est
504 683 553 715 his
584 683 730 716 decursis
761 693 912 728 repetere
944 697 1004 717 nos
1030 686 1070 717 de
1095 685 1199 718 incar-

76 745 208 778 natione
234 745 373 777 Domini
397 754 429 777 et
453 745 635 778 salvatoris
661 745 784 785 nostri,
820 746 995 789 quomodo
1022 747 1072 778 vel
1099 761 1198 791 quare

78 807 179 840 homo
211 806 312 839 fuerit
341 807 455 839 factus.
503 807 569 838 Pro
587 807 615 849 Ι)
653 806 775 838 viribus
806 807 906 848 igitur
928 808 1048 840 nostris
1072 809 1199 852 perexi-

76 869 146 910 guis
172 868 377 901 considerata
402 881 439 900 ex
465 881 605 912 operum
632 881 768 899 suorum
793 868 913 909 magis,
952 882 1048 913 quam
1074 884 1111 902 ex
1138 884 1197 903 no-

75 930 134 963 stri
158 943 270 962 sensus
295 931 598 973 contemplatione,
634 929 742 961 divina
770 939 900 969 natura,
933 931 1125 976 intuitisque
1150 933 1199 965 ni-

76 992 257 1024 hilominus
283 991 438 1023 creaturis
463 991 531 1035 ejus
557 990 759 1031 visibilibus,
795 991 860 1023 fide
892 1005 1026 1037 quoque
1051 994 1199 1027 invisibi—

79 1054 163 1086 libus
188 1052 434 1097 contemplatis,
458 1052 533 1096 quia
557 1065 623 1084 non
651 1052 760 1085 omnia
785 1053 837 1085 vel
864 1054 970 1086 oculis
996 1055 1107 1089 videre
1125 1067 1201 1101 pot-

77 1125 126 1148 est
151 1117 292 1147 humana
319 1113 487 1156 fragilitas,
511 1114 563 1145 vel
580 1113 709 1146 ratione
728 1115 918 1159 complecti,
942 1129 1005 1160 pro
1031 1130 1083 1156 eo,
1107 1120 1200 1163 quod

78 1176 273 1219 omnium²)
297 1174 546 1208 rationabilium
579 1175 740 1207 infirmius
767 1185 798 1208 et
823 1177 969 1218 fragilius
993 1179 1112 1212 animal
1138 1194 1198 1214 nos

80 1237 230 1269 hominos
254 1250 386 1278 sumus;
409 1236 649 1282 praestantiora
674 1237 762 1269 euim
788 1248 862 1270 sunt
887 1239 954 1279 ina,
980 1253 1062 1284 quae
1088 1243 1140 1274 vel
1165 1242 1198 1275 in

79 1299 195 1338 coelo,
233 1299 283 1330 vel
322 1311 423 1343 super
453 1300 565 1331 coelos
595 1299 774 1331 habentur:
812 1310 977 1343 superest,
1016 1311 1051 1334 ut
1082 1303 1196 1336 harum

80 1360 229 1392 omnium
255 1369 477 1392 creaturarum
503 1368 532 1391 et
560 1360 624 1391 Dei
650 1359 808 1399 medium,
833 1360 867 1393 id
892 1371 950 1400 est,
976 1364 1196 1398 mediatorem

77 1434 287 1466 quaeramus,
326 1434 424 1465 quem
448 1421 571 1453 Paulus
596 1420 769 1465 apostotus
804 1422 1062 1465 primogenitum
1089 1428 1196 1460 omnis

77 1492 243 1516 creaturae
273 1482 475 1527 pronuntiat.
523 1482 680 1514 videntes
711 1496 844 1527 quoque
869 1497 929 1516 nos
955 1498 1008 1525 ea,
1046 1500 1128 1531 quae
1154 1491 1195 1521 de

76 1544 146 1590 ejus
170 1543 338 1588 maiestate
362 1544 394 1576 in
419 1543 601 1588 Scripturis
624 1544 742 1576 sanctis
767 1545 974 1586 referuntur,
1011 1557 1044 1580 et
1066 1548 1198 1582 intuen.

77 1615 137 1645 tes,
161 1606 252 1650 quod
278 1605 453 1647 „imago³)
478 1605 650 1637 invisibilis
674 1605 750 1645 Dei,
777 1615 809 1638 et
833 1606 1072 1650 primogenitus
1090 1612 1196 1644 omnis

78 1670 265 1699 creaturae“
290 1667 427 1707 dicatur,
453 1676 485 1698 et
510 1667 602 1710 quod
627 1667 682 1707 „in
694 1666 727 1711 ²⁸)
752 1667 826 1711 ipso
851 1678 958 1700 creata
981 1680 1058 1703 sunt
1074 1673 1197 1714 omnia,

82 1727 225 1760 visibilia
252 1737 283 1760 et
306 1728 493 1768 invisibilia,
517 1728 586 1761 sive
610 1729 732 1767 throni,
757 1727 825 1760 sive
850 1729 1105 1773 dominationes,
1128 1735 1197 1767 sive

78 1788 300 1833 principatus,
337 1790 404 1821 sive
436 1799 634 1834 potestates,
668 1790 777 1822 omnia
791 1790 822 1834 5)
848 1804 908 1835 per
939 1791 1066 1836 ipsum,
1106 1805 1139 1828 et
1163 1796 1197 1829 in

78 1850 151 1894 ipso
185 1860 292 1882 creata
322 1860 413 1882 sunt:
450 1860 481 1883 et
511 1852 581 1895 ipse
614 1859 662 1883 est
685 1860 758 1883 ante
784 1864 918 1892 omnes,
955 1864 986 1886 et
1012 1856 1122 1890 omnia
1146 1858 1197 1891 illi

175 2012 204 2054 ¹)
231 2011 297 2043 Cfr.
332 2011 474 2054 Apolog.
502 2010 665 2054 pamphili
697 2011 865 2054 (Origenis
889 2016 979 2060 Opp.
1015 2018 1065 2049 ed.
1092 2019 1195 2053 Ruaei

80 2057 178 2088 Tom.
200 2057 252 2087 tv.
280 2055 481 2099 Appendic.)
506 2069 576 2100 pag.
595 2056 648 2089 24.
673 2057 750 2089 coll.
769 2059 819 2091 ccl.
837 2070 939 2094 nostr.
958 2061 1055 2094 Tom.
1070 2063 1193 2099 XXtv.

80 2114 150 2145 pag,
175 2100 250 2135 325,
276 2114 364 2144 seqq,
459 2101 492 2144 ²)
519 2101 586 2134 Csr.
612 2101 662 2132 cd.
688 2102 812 2147 Redcp.
837 2118 907 2147 pag.
935 2106 1008 2140 193.
1032 2118 1102 2141 not.
1129 2112 1179 2145 11.

171 2157 203 2200 ³)
230 2156 358 2189 Coloss.
387 2157 408 2194 Ι,
434 2157 483 2191 15.
624 2158 656 2200 4)
683 2156 751 2190 Cfr.
778 2159 909 2193 Coloss.
935 2163 959 2201 1,
985 2163 1034 2198 16.
1062 2164 1111 2199 17.

174 2214 204 2255 ᾗ)
230 2212 285 2245 Sic
312 2212 389 2244 Mss.
417 2208 503 2262 Libri
535 2212 614 2244 editi
646 2213 692 2256 (v.
727 2226 752 2246 c.
779 2215 852 2248 cdd.
883 2218 945 2261 Μ.)
978 2221 1110 2259 „omnia
1135 2236 1194 2266 per

82 2258 190 2302 ipsum
218 2258 300 2290 sacta
327 2266 412 2297 sunt,
438 2267 469 2289 et
492 2269 524 2288 ιι]
550 2256 634 2301 ipso,
660 2266 691 2289 ct
719 2258 787 2303 ipsc
813 2266 880 2293 est4‘
908 2273 968 2295 etc.
996 2265 1033 2299 R.
