1404 2463
157 105 203 140 22
629 105 812 138 muamus

165 207 285 229 exuere
310 207 479 228 conemur.
519 195 618 228 Unde
640 205 672 228 et
696 206 902 240 consequens
927 203 976 227 est
999 194 1198 236 intelligere,
1222 207 1291 227 non

163 270 224 290 nos
248 257 436 290 necessitati
461 269 530 289 esse
561 256 747 303 subjectos,
777 266 814 290 ut
830 257 860 301 ¹)
898 256 989 289 omni
1012 256 1135 296 modo,
1165 255 1293 289 etiamsi

164 318 324 359 nolimus,
354 318 405 352 vel
429 318 516 350 mala
541 319 594 350 vel
618 319 707 351 bona
731 331 826 361 agere
851 331 1018 360 cogamur.
1059 317 1096 351 Si
1121 317 1208 350 enim
1232 330 1296 350 no·

164 379 224 413 stri
248 379 377 413 arbitrii
402 393 525 420 sumus,
549 380 792 424 impugnare²)
817 392 877 412 nos
902 380 1040 412 sortasse
1063 388 1205 424 possunt
1232 380 1295 412 ali-

167 454 251 487 quae
280 442 419 474 virtutes
450 442 492 474 ad
524 451 717 486 peccatum,
757 451 789 473 et
819 441 904 474 aliae
928 441 1040 474 iuvare
1064 442 1106 473 ad
1136 441 1295 474 salutem:

165 516 233 537 non
257 513 368 536 tamen
393 503 588 536 necessitate
615 503 765 545 cogimur
787 504 841 536 vel
867 515 962 545 agere
986 512 1088 543 recte,
1113 503 1166 535 vel
1190 503 1296 544 male3

166 565 261 610 quod
284 565 358 598 fieri
382 564 583 598 arbitrantur
605 564 702 609 hi,³)
733 565 790 610 qui
813 565 985 598 stellarum
1010 577 1143 597 cursum
1168 574 1201 597 et
1223 577 1298 597 mo-

168 636 221 661 tus
244 639 374 660 causam
400 626 515 672 dicunt
539 626 768 668 *humanorum
796 639 865 659 esse
890 636 1077 668 gestorum,
1102 639 1169 659 non
1185 627 1218 671 ⁴)
1243 639 1298 659 so-

169 688 239 721 lum
264 701 400 729 eorum,
431 701 516 733 quae
540 698 629 721 extra
659 688 788 721 arbitrii
812 688 968 721 accidunt
996 688 1204 727 libertatem,
1239 688 1297 720 sed

170 759 203 782 et
227 762 362 790 eorum,
393 763 476 795 quae
507 750 542 783 in
573 759 685 783 nostra
717 759 794 783 sunt
827 750 937 794 posita
961 759 1139 794 potestate.
1198 750 1299 793 De⁵)

171 811 280 844 anima
303 824 385 844 vero
408 821 522 844 utrum
547 812 631 857 ex‘3)
662 811 797 844 seminis
827 812 964 845 traduce
995 812 1154 851 ducatur,
1183 811 1229 844 ita
1261 820 1298 844 ut

171 873 258 906 ratio
289 873 392 918 ipsius
425 874 478 906 vel
508 873 689 906 substantia
719 873 842 906 inserta
865 873 945 919 ipsis
969 873 1152 906 seminibus
1176 886 1300 918 corpo-

172 935 297 968 ralibus
321 935 498 975 habeatnr,
534 948 575 968 an
603 948 683 968 vero
715 935 807 968 aliud
838 936 958 968 habeat
988 935 1142 977 initium3
1172 944 1205 967 et
1235 935 1300 968 hoc

172 997 283 1041 ipsum
314 996 448 1029 initium
479 996 506 1029 si
538 996 686 1038 genitum
718 1006 784 1038 est,
822 999 924 1042 aut7)
948 1010 1016 1030 non
1042 997 1209 1039 genitum3
1245 996 1299 1028 vel

174 1067 262 1091 certe
286 1058 313 1091 si
343 1057 604 1101 exstrinsecus⁸)
630 1059 768 1102 corpori
791 1058 936 1099 inditur,
965 1072 1025 1092 nec
1049 1071 1107 1091 ne:
1132 1071 1201 1091 non
1226 1058 1303 1103 satis

175 1120 348 1153 manifesta
370 1119 620 1164 praedicatione
646 1119 869 1162 distinguitur.

263 1181 296 1216 6.
343 1180 397 1214 De
421 1180 608 1224 diab0109)
636 1191 668 1214 et
691 1182 816 1224 angelis
840 1182 909 1228 ejus
935 1181 1176 1227 contrariisque
1201 1182 1304 1215 virtu-

175 1243 264 1276 tibus
289 1242 510 1276 ecelesiastica
528 1243 734 1288 praedicatio
752 1244 880 1285 docuit,
905 1244 1065 1289 quoniam
1081 1244 1136 1289 ¹⁴³)
1159 1253 1236 1277 sunt
1249 1246 1259 1266 ¹
1271 1245 1304 1288 ι)

179 1366 322 1399 hibetur.
368 1367 406 1401 ln
436 1367 517 1400 Mss.
542 1367 673 1411 (itemq.
711 1368 800 1411 apud
829 1367 982 1411 Januar.)
1016 1367 1081 1400 hoc
1113 1367 1191 1400 loco
1221 1380 1303 1412 pro:

180 1415 336 1453 „onere‚“
362 1411 499 1454 legitur:
527 1412 654 1453 „labe.“
681 1413 721 1446 R.

275 1468 306 1512 ¹)
332 1467 464 1501 Januar.
494 1478 550 1510 „ut
575 1468 725 1509 omnino,
750 1468 898 1500 etiamsi“
925 1477 987 1501 etc.

270 1524 305 1568 ²)
331 1524 387 1557 Sic
411 1525 444 1557 in
470 1524 627 1557 omnibus
654 1524 776 1566 legitur
799 1525 877 1557 Mss.
904 1533 936 1556 et
959 1524 991 1556 in
1018 1525 1183 1569 Apologia
1208 1526 1306 1559 Pam-

180 1568 284 1613 phili;
314 1570 404 1614 apud
435 1570 618 1602 Merlinum
650 1582 729 1602 vero
763 1578 796 1602 et
820 1569 1094 1602 Genebrardum:
1129 1570 1304 1614 „instigare

179 1615 317 1647 fortasse
341 1623 482 1658 possunt
505 1614 656 1659 aliquae“
684 1624 744 1648 etc.
768 1615 809 1647 R.

272 1671 306 1714 ³)
330 1669 437 1703 Deest
462 1670 537 1712 „hi“
562 1670 596 1703 in
622 1671 697 1703 edd.
721 1671 772 1707 Μ.

273 1725 307 1769 ⁸)
331 1726 388 1760 Sic
412 1727 492 1761 Mss.
517 1726 651 1760 Merlin.
676 1735 708 1759 ct
721 1726 930 1759 Genebrard.
957 1740 1048 1768 „non
1070 1740 1198 1770 eorum,
1223 1742 1306 1774 quae

184 1790 224 1797 —
249 1768 449 1812 libertatem,
471 1773 531 1805 sed
556 1785 685 1813 eorum,
709 1774 824 1817 quae.“
851 1772 891 1805 R.

271 1829 305 1871 ⁵)
329 1827 398 1861 Cfr.
423 1827 473 1860 ed.
499 1827 627 1872 Redep.
652 1840 725 1871 pag.
751 1827 803 1862 93.
830 1837 902 1862 not.
930 1829 982 1863 10.

272 1884 306 1926 ⁶)
333 1883 389 1917 Sic
414 1896 529 1915 omnes
554 1883 634 1916 Mss.
670 1882 763 1915 Libri
792 1896 872 1915 vero
906 1884 985 1916 editi
1017 1884 1063 1928 (v.
1088 1898 1114 1918 c.
1140 1886 1215 1919 edd.
1239 1886 1306 1931 Μ.)

184 1941 244 1970 „ex
267 1928 392 1961 semine
417 1927 595 1960 traducis.“
622 1929 661 1961 R.
756 1928 789 1972 ⁷)
814 1928 901 1961 Edd.
928 1929 974 1961 M.
1002 1943 1062 1970 „an
1085 1934 1187 1964 non.“

273 1985 308 2029 8)
333 1985 411 2017 Mss.
439 1984 694 2025 „extrinsecus.“
720 1983 854 2017 Merlin.
882 1994 915 2017 et
939 1985 1146 2019 Genebrard.
1172 1985 1308 2029 „intrin-

180 2033 305 2063 secus.“
356 2029 513 2062 Ceterum
546 2029 627 2074 quid
661 2030 701 2061 de
726 2028 854 2061 animae
879 2029 1004 2072 origine
1028 2031 1167 2064 senserit
1190 2031 1307 2074 Orige-

181 2088 249 2118 nes,
263 2075 335 2107 fuse
352 2075 494 2107 docetur
510 2073 741 2116 Origenianor.
756 2073 813 2107 lib.
828 2074 866 2107 H.
886 2077 1078 2119 quaest.V1.
1095 2089 1187 2111 num.
1198 2076 1251 2112 11.
1270 2077 1306 2109 R.

274 2130 308 2174 ⁹)
331 2130 464 2164 Januar.
491 2129 651 2172 „diaboio
677 2134 845 2175 quoque.“

255 2186 312 2230 ¹⁰)
337 2187 401 2219 Ed.
425 2186 473 2219 M.
498 2187 542 2219 ΙΙ.
568 2187 713 2231 „quod.“

259 2243 267 2263 ¹
283 2242 312 2287 ¹)
337 2241 477 2275 Merlin-
498 2251 531 2275 et
545 2242 753 2276 Genebrard.
777 2252 874 2284 „sunt
889 2243 1037 2287 quidem,
1061 2242 1118 2275 sed
1137 2242 1216 2288 quid
1232 2243 1310 2284 sint,

188 2291 352 2321 aust-etc.
391 2291 435 2320 At
460 2288 539 2320 Mss.
565 2287 743 2320 lectionem
764 2288 869 2321 nostri
893 2296 1000 2321 textus
1025 2287 1190 2324 exhibent.
1217 2289 1256 2323 R.
