1404 2463
210 97 229 130 4
665 93 879 124 Anmomno.

211 199 301 223 num,
328 193 359 215 et
385 182 562 226 epistolam
587 180 660 220 94,
687 181 764 213 alias
778 180 849 219 G9.,
874 180 914 212 ad
939 178 1084 218 Avitum,
1109 191 1208 223 quem
1234 178 1332 210 doeet

212 247 292 291 quid
319 245 498 277 cavendum
531 243 572 275 sit
602 242 634 274 in
669 242 760 274 libris
786 244 867 286 περὶ
893 241 1026 286 ἀρχῶν,
1051 240 1133 273 item
1157 239 1336 273 Justiniani

215 306 425 352 imperatoris
465 304 640 349 epistolam
675 305 715 335 ad
748 304 883 336 Menam
915 301 1139 335 patriarcham
1173 301 1336 335 Constan—

214 369 487 414 tinopolitanum.
536 366 563 397 E
589 365 755 397 contrario
769 365 937 410 Didymus
959 362 1256 403 commentariolis,
1280 375 1338 395 seu

215 431 370 463 brevibus
402 429 433 461 in
466 429 566 460 hosce
599 427 702 459 libros
729 427 825 458 editis
858 426 993 459 scholiis
1028 425 1189 458 catholice
1214 426 1339 469 ubique

216 502 249 525 et
272 491 401 523 diverse
426 491 466 522 ab
494 488 621 521 Arianis
646 488 767 520 sentire
784 488 964 530 Origenem
989 488 1233 532 propugnabat,
1256 495 1339 519 teste

215 554 422 598 Hieronymo
449 550 545 595 epist.
567 550 640 590 41„
666 550 745 582 alias
762 549 833 589 65.,
867 558 898 581 et
929 550 989 581 sub
1013 549 1115 581 finem
1139 548 1217 581 libri
1229 548 1259 582 2.
1284 547 1341 580 ad-

219 628 327 647 versus
352 613 522 646 Rufinum.
570 612 664 644 Hanc
690 624 768 644 vero
795 611 970 643 excusandi
996 620 1029 643 et
1045 609 1247 643 defendendi
1262 609 1341 643 Ori-

216 676 305 719 genis
334 675 531 708 methodum
565 672 711 705 deseruit
741 673 902 713 Rufinus,
941 674 998 717 qui
1028 672 1174 717 plurima
1205 671 1342 716 quidem

215 738 249 769 in
274 736 367 769 libris
391 738 475 782 περὶ
501 735 624 780 ἀρχῶν
649 733 833 766 catholicae
865 734 906 766 de
938 733 1102 766 Trinitate
1125 732 1205 765 fidei
1228 732 1344 764 adver-

216 798 280 832 sari
302 811 372 831 nou
395 798 544 840 negabat,
569 797 628 829 sed
653 809 690 829 ea
715 797 754 828 ab
779 794 950 828 haereticis
976 804 1009 827 et
1031 794 1209 828 malevolis
1232 793 1342 825 homi-

217 859 314 892 nibus
344 859 466 891 inserta
495 859 607 892 fuisse>
627 858 860 891 contendebat.
914 857 982 891 Sed
1019 857 1094 890 vide
1125 855 1345 901 quemadmo-

219 922 299 954 dum
323 921 357 953 in
381 920 467 953 notis
491 920 532 952 ad
557 919 711 952 libellum
743 919 812 965 ejus
843 920 882 951 de
908 918 1153 951 adulteratione
1178 917 1344 950 librorum

219 981 373 1024 Origenis
398 981 609 1020 confutetur,
642 980 782 1025 perinde
814 994 850 1012 ac
880 990 972 1014 vetus
1007 989 1124 1013 auctor
1147 978 1344 1024 Apologiae‚

220 1045 260 1076 de
287 1056 350 1088 qua
375 1041 514 1075 Photius
540 1042 625 1075 Cod.
643 1042 717 1076 117.

306 1104 337 1139 3.
384 1105 482 1136 Anno
517 1103 639 1136 Christi
664 1102 739 1138 398.
780 1103 921 1135 Rufinus
952 1103 1092 1135 Macarii
1123 1096 1246 1135 nobilis
1277 1102 1346 1134 Ro-

219 1167 310 1199 mani
335 1167 479 1205 hortatu,
505 1164 596 1210 cujus
621 1165 776 1209 precibus
808 1165 872 1209 jam
905 1177 990 1197 anno
1016 1164 1191 1208 superiore
1216 1163 1347 1207 Apolo-

219 1228 362 1271 geticum
388 1225 555 1271 Pamphili
579 1227 731 1272 martyris
754 1239 817 1271 pro
834 1226 978 1268 Origene
1002 1226 1124 1258 librum
1148 1225 1250 1257 latine
1275 1237 1348 1256 ver—

220 1299 315 1328 terat,
339 1289 400 1320 hos
425 1300 560 1332 quoque
585 1290 667 1332 περὶ
694 1288 817 1332 ἀρχῶν
847 1287 951 1319 libros
984 1287 1196 1331 interpretari
1220 1298 1346 1328 aggres-

220 1364 273 1383 sus
299 1360 358 1388 est,
383 1359 543 1393 tantoque
567 1350 686 1381 ardore
711 1349 745 1381 in
769 1349 802 1381 id
829 1349 939 1393 operis
962 1347 1133 1387 incubuit,
1164 1357 1201 1380 ut
1226 1347 1347 1391 elapsis

223 1411 502 1455 Quadragesimae
535 1410 650 1442 diebus
683 1411 767 1442 duos
798 1411 862 1455 jam
894 1409 1022 1454 priores
1056 1409 1158 1442 libros
1183 1409 1346 1442 absolvis-

221 1483 281 1513 set,
310 1482 447 1515 urgente
476 1471 634 1504 nimirum
667 1471 837 1512 Macario,
873 1472 930 1516 qui
961 1481 1032 1503 tum
1062 1471 1095 1503 in
1114 1470 1196 1516 ejus
1228 1470 1347 1504 vicinia

221 1535 386 1567 manebat.
433 1535 477 1566 At
503 1547 577 1566 cum
601 1533 716 1578 paucis
739 1543 816 1578 post
841 1533 965 1566 Pascha
991 1533 1108 1565 diebus
1131 1542 1260 1565 mutato
1286 1533 1346 1565 do-

222 1596 349 1629 micilio
391 1595 424 1627 in
468 1604 614 1628 extrema
644 1595 736 1628 urbis
766 1604 859 1639 parte
892 1594 1056 1627 habitaret
1089 1594 1272 1634 Macarius,
1315 1603 1346 1626 et

223 1659 301 1690 inde
325 1656 433 1690 rarior
458 1666 592 1689 exactor
615 1657 805 1695 accederet,
831 1656 951 1689 lentius
974 1656 1105 1700 reliquo
1133 1656 1229 1701 operi
1253 1669 1348 1689 vaca-

224 1720 269 1751 vit
292 1718 449 1757 Rufinus,
486 1718 570 1750 adeo
606 1728 642 1750 ut
677 1719 737 1750 sub
767 1717 864 1763 hujus
899 1717 976 1750 anni
1005 1717 1106 1750 finem
1139 1717 1290 1750 nondum
1314 1717 1346 1749 ei

222 1781 375 1813 ultimam
411 1791 545 1812 manum
582 1780 791 1813 admovisset.
856 1779 1014 1812 Absoluti
1057 1779 1192 1812 tandem
1233 1778 1344 1823 operis

222 1841 325 1874 fronti
349 1841 431 1873 hanc
456 1841 607 1885 praefixit
630 1841 892 1886 praefationem,
917 1853 1000 1884 quae
1025 1842 1206 1873 etiamnum
1229 1852 1345 1884 super-

222 1912 281 1944 est,
307 1912 338 1934 et
362 1903 450 1934 unde
475 1902 687 1935 seminarium
713 1902 916 1940 discordiae,
949 1911 981 1933 et
1011 1902 1124 1944 ingens
1156 1913 1233 1933 eum
1256 1900 1344 1933 inter

223 1974 255 1997 et
278 1963 522 2009 Hieronymum
556 1974 669 1996 natum
702 1973 750 1996 est
773 1963 981 2002 incendium,
1012 1963 1053 1995 de
1085 1975 1152 2007 quo
1176 1963 1249 2000 {use
1272 1962 1340 2004 agi-

221 2035 275 2058 tur
305 2024 584 2066 Origenianorum
620 2025 676 2058 lib.
689 2024 720 2060 3.
746 2038 818 2068 cap.
834 2025 864 2058 4.
889 2034 969 2057 sect.
985 2023 1014 2058 1.
1061 2024 1099 2058 Id
1128 2022 1340 2068 potissimum

220 2085 366 2118 nuncin
390 2086 449 2118 hac
479 2086 690 2130 praefatione
722 2086 891 2118 observari
923 2085 1043 2128 velim,
1073 2097 1216 2118 asserere
1248 2083 1341 2116 Rufi-

219 2160 298 2179 num
324 2147 364 2186 1.,
386 2159 421 2179 se
444 2146 550 2180 sicubi
584 2147 616 2180 in
646 2147 735 2180 hisce
766 2147 858 2180 libris
889 2147 1016 2192 aliquid
1047 2155 1164 2180 contra
1187 2145 1222 2177 id
1246 2144 1340 2177 inve-

217 2207 282 2247 nit,
313 2208 404 2252 quod
428 2209 470 2240 ab
494 2208 637 2250 Origene
663 2208 798 2241 caeteris
823 2209 904 2242 locis
928 2208 985 2253 pie
1010 2209 1052 2241 de
1076 2206 1240 2240 Trinitate
1263 2206 1337 2239 sue-

216 2278 274 2315 rat.
288 2269 472 2310 definitum,
498 2270 589 2303 velut
612 2271 834 2304 adulteratum
859 2271 924 2304 hoc
945 2279 977 2304 et
996 2269 1143 2304 alienum
1165 2277 1221 2302 aut
1237 2280 1332 2313 prae-
