1404 2463
389 141 435 164 m:
459 130 656 164 ancipns
680 130 796 163 mez
823 131 878 164 lV.
1145 129 1213 166 435

75 220 182 254 sibilis
208 224 378 253 creaturae
401 219 559 260 narratio,
585 228 617 252 et
641 218 743 264 primi
768 217 913 251 hominis
938 217 1090 251 conditio
1108 227 1208 263 atque

73 282 286 324 figmentum;
323 290 395 314 tum
428 281 550 314 deinde
582 293 620 313 ex
652 280 714 313 illo
739 293 802 325 per
824 280 1071 313 successionem
1094 288 1209 312 secuta

70 343 258 387 progenies,
282 342 443 374 nonnulla
469 354 606 387 quoque
630 354 742 375 rerum
766 350 944 384 gestarum,
969 353 1054 386 quae
1077 354 1095 373 a
1113 336 1208 385 justis

71 404 259 448 quibusque
284 412 372 445 gesta
396 412 492 446 sunt,
515 404 725 446 referuntur,
758 402 857 435 etiam
881 402 1054 435 interdum
1082 401 1207 435 delicta

71 465 234 508 quaedam
261 477 379 496 eorum
405 473 717 496 commemorantur
740 473 898 508 tanquam
915 464 1110 505 hominum;
1133 472 1206 496 tum

72 525 195 558 deinde
227 535 259 557 et
288 525 472 569 impiorum
508 525 700 558 scribuntur
723 524 910 568 aliquanta,
944 525 998 557 vel
1021 524 1208 569 impudice,

72 587 125 618 vel
157 586 312 630 nequiter
343 596 442 628 gesta.
492 586 583 619 Miro
616 595 727 618 autem
758 587 864 618 modo
890 595 923 618 et
946 585 1206 630 proeliorum¹)

72 646 197 688 digesta
221 646 367 679 narratio
393 655 461 689 est3
497 656 529 679 et
552 659 641 679 nunc
667 646 888 687 vincentium,
920 659 1010 679 nunc
1033 646 1203 678 victorum

74 707 242 752 descripta
267 707 451 749 diversitas,
477 721 538 752 per
563 720 646 752 quae
672 707 859 740 ineffabilia
881 708 1044 752 quaedam
1059 706 1120 746 his,
1148 706 1206 750 qui

72 768 265 815 hujusmodi
291 769 381 801 dicta
405 768 609 813 perscrutari
633 778 776 811 norunt,
801 777 1008 801 sacramenta
1032 768 1205 800 declaran—

72 839 137 864 tur.
184 830 253 863 Sed
279 839 311 862 et
335 829 532 873 Scripturae
558 829 655 871 legali
680 842 741 873 per
765 829 995 861 admirandam
1019 827 1203 873 sapientiae

70 891 283 936 disciplinam
309 891 362 923 lex
387 890 534 923 veritatis
559 890 734 929 inseritur,
768 899 801 922 et
824 889 1084 934 prophetarum:
1117 901 1204 933 quae

69 953 195 994 singula
227 952 338 985 divina
371 951 514 995 quadam
545 959 614 983 arte
646 950 829 995 sapientiae
860 950 1000 995 velut2)
1024 949 1205 982 indumen-

70 1022 143 1046 tum
176 1013 349 1057 quoddam
382 1021 414 1043 et
444 1012 599 1043 velamen
631 1011 858 1056 spiritualium
889 1023 1045 1043 sensuum
1068 1011 1202 1054 texta³)

70 1083 163 1107 sunt:
189 1083 222 1107 et
246 1075 312 1106 hoc
337 1082 397 1113 est,
424 1074 515 1117 quod
542 1072 685 1105 diximus
711 1072 905 1116 Scripturae
928 1071 1102 1116 sanctae⁴)
1128 1084 1204 1104 cor-

69 1149 149 1180 pus:
186 1145 224 1168 ut
255 1135 355 1168 etiam
388 1147 450 1178 per
482 1134 563 1173 hoc,
598 1133 691 1177 quod
717 1132 861 1165 diximus
884 1131 1001 1165 literae
1025 1132 1204 1165 indumen-

70 1206 162 1238 tum,
186 1196 370 1242 sapientiae
395 1204 465 1227 arte
491 1203 703 1235 contextum,
728 1202 868 1239 possent
894 1193 1086 1238 complures
1109 1194 1203 1227 aedi-

70 1257 162 1292 ficari
176 1258 208 1302 ⁵)
235 1267 268 1290 et
290 1257 469 1302 proficere,
494 1256 552 1301 qui
576 1255 720 1300 aliter⁶)
745 1267 813 1287 non
837 1263 986 1299 possent.

160 1319 212 1354 15.
260 1319 331 1352 Sed
365 1317 543 1362 quoniam,
580 1317 608 1349 si
637 1316 672 1348 in
686 1316 718 1360 ⁷)
751 1316 907 1348 omnibus
930 1314 1119 1347 indumenti
1144 1314 1205 1347 bu—

68 1380 137 1426 jus,
168 1379 205 1412 id
231 1388 280 1412 est
302 1378 481 1419 historiae,
512 1378 593 1420 legis
617 1377 734 1409 fuisset
758 1375 997 1420 consequentia
1022 1375 1204 1416 custodita,

68 1449 103 1473 et
127 1441 214 1473 ordo
238 1449 396 1479 servatus,
421 1440 583 1472 habentes
608 1439 840 1470 continuatum
865 1436 1105 1478 intelligentiae
1130 1450 1205 1469 cur-

67 1515 154 1541 sum,
175 1513 245 1533 non
268 1500 387 1545 utique
412 1501 626 1533 crederemus
652 1511 721 1532 esse
748 1498 840 1531 aliud
853 1498 887 1541 ⁸)
912 1490 1040 1542 aliquid
1063 1497 1098 1529 in
1115 1497 1205 1530 Scri-

66 1562 175 1608 pturis
198 1561 320 1596 sanctis
344 1562 543 1595 intrinsecus
566 1568 702 1605 praeter
724 1558 809 1599 hoc,
841 1557 934 1604 quod
957 1556 1066 1602 prima
1090 1558 1204 1590 fronte

164 1729 196 1774 ¹)
223 1729 296 1763 Cfr.
323 1741 407 1773 quae
433 1736 617 1772 sequuntur
642 1726 693 1759 ed.
718 1724 828 1758 Ruaei
853 1735 928 1769 pag.
954 1722 1030 1758 194.

161 1785 196 1828 ²)
221 1785 285 1817 Ed.
303 1784 352 1817 M.
369 1784 412 1817 ΙΙ.
440 1782 556 1824 „velut
579 1781 780 1813 indumento
806 1779 954 1824 quodam
980 1786 1014 1810 et
1037 1777 1204 1810 velamine

66 1829 314 1874 spiritualium“
342 1838 405 1862 etc.

160 1883 195 1928 ³)
220 1885 278 1918 Sic
304 1885 384 1918 Mss.
410 1882 542 1928 (itemq.
568 1881 621 1914 ed.
639 1880 689 1915 M.
706 1879 768 1921 Il.)
791 1878 886 1912 Editi
911 1879 957 1924 (v.
982 1891 1009 1911 c.
1036 1878 1089 1915 ed
1102 1878 1149 1911 M.
1162 1878 1204 1922 Ι.)

69 1937 190 1971 „tecta.
197 1932 214 1950 “
240 1931 281 1963 R.

154 1984 281 2061 “⁴)RSic
304 1984 459 2018 Mss.1n
491 1981 589 2015 editis
621 1982 670 2024 (v.
703 1993 730 2013 c.
763 1980 840 2012 edd.
865 1978 932 2024 M.)
958 1978 1070 2011 deest:
1109 1990 1205 2019 „san-

67 2038 149 2062 ctae.

161 2084 194 2126 ⁵)
221 2083 278 2116 Sic
302 2083 383 2115 Mss.
406 2081 541 2126 (itemq.
568 2081 620 2114 ed.
637 2080 687 2113 M.
706 2079 766 2124 Il.)
791 2077 886 2111 Editi
910 2077 959 2122 (v.
978 2091 1009 2111 c.
1028 2078 1080 2111 ed.
1099 2078 1150 2112 Μ.
1161 2077 1203 2122 Ι.)

70 2128 280 2171 ‚,aediflcare.
286 2131 302 2148 “
329 2128 370 2159 R.

160 2183 196 2226 6)
220 2183 278 2216 Sic
301 2183 382 2215 Mss.
400 2181 494 2214 Male
511 2179 597 2213 editi
612 2180 660 2224 (v
679 2193 706 2213 c.
724 2179 803 2214 edd.
816 2177 1144 2224 M.)„1iteraliter.“
1161 2178 1202 2211 R.

162 2239 196 2282 ⁷)
220 2238 328 2271 Deest
354 2236 430 2279 „in“
456 2237 490 2269 in
515 2237 567 2269 ed.
592 2236 642 2268 M.
668 2237 693 2268 Ι.

159 2294 193 2338 ⁸)
220 2295 326 2328 Deest
353 2293 487 2336 „aliud“
512 2291 548 2325 in
573 2292 649 2325 edd.
673 2290 723 2324 M.
762 2305 764 2308 ’

825 2345 972 2395 ⁴28⁴.
