1404 2463
215 92 279 125 242
691 90 864 123 Ouum-:ms

405 248 644 288 CAPUT
694 247 1151 289 UNDECIMUM.

548 348 601 380 De
619 349 648 392 ¹)
673 348 996 393 repromissionibus.

306 439 333 472 1.
372 438 470 481 (104)
496 438 674 470 Videamus
699 451 785 470 nunc
810 437 965 477 breviter,
990 437 1069 482 quid
1096 447 1128 470 et
1151 437 1193 469 de
1218 449 1333 481 repro—

217 499 430 532 missionibus
443 499 476 544 ²)
501 499 709 532 sentiendum
733 499 786 533 sit.
1293 486 1298 489 γ

305 561 443 594 Certum
467 570 528 598 est,
551 561 625 605 quia
638 563 671 605 ¹³)
695 561 826 593 nullum
852 562 974 594 animal
999 561 1091 593 omni
1115 561 1218 593 modo
1245 559 1333 593 otio-

213 636 304 663 sum,
334 633 432 667 atque
455 623 630 655 immobile
663 635 731 655 esse
755 633 884 667 potest,
914 624 973 655 sed
999 623 1090 656 omni
1115 635 1233 665 genere
1257 636 1331 655 mo-

213 685 292 724 veri,
317 693 350 716 et
373 697 467 726 agere
490 697 632 728 semper,
657 693 689 716 et
713 686 798 717 velle
823 685 949 730 aliquid
973 686 1086 727 gestit:
1118 695 1151 718 et
1176 686 1259 717 hanc
1282 684 1332 717 in—

212 759 281 779 esse
319 756 469 779 naturam
509 746 663 778 omnibns
700 746 938 787 animantibus,
984 747 1196 779 manifestum
1234 755 1330 791 putu.

215 808 324 841 Multo
356 807 457 850 magis
489 820 565 849 ergo
597 807 796 840 rationabile
810 808 842 853 4)
867 808 1006 849 animal,
1035 809 1069 841 id
1094 818 1160 848 est,
1185 808 1330 841 hominis

210 879 377 908 naturam,
406 882 540 902 necesse
571 879 627 905 est*
648 882 780 914 semper
803 869 929 914 aliquid
953 883 1108 909 movere,
1143 871 1196 903 vel
1222 883 1328 912 agere.

211 931 254 963 Et
285 931 311 963 si
345 931 480 976 quidem
504 931 682 963 immernor
705 930 755 963 sui
779 930 839 970 sit,
875 940 907 963 et
932 932 1011 975 quid
1035 944 1069 964 se
1094 932 1211 965 deceat
1232 932 1329 974 igno-

210 1001 270 1032 ret,
296 992 380 1024 circa
403 1005 481 1025 usus
506 993 699 1037 corporales
724 992 830 1025 omnis
854 1005 910 1025 sua
935 1002 1089 1026 movetur
1111 993 1265 1034 intentio,
1297 1004 1329 1027 et

209 1067 271 1098 per
302 1067 416 1086 omnes
452 1063 563 1086 motus
594 1067 671 1087 suos
704 1067 779 1096 erga
802 1054 992 1098 voluptates
1015 1068 1087 1088 suas
1111 1068 1148 1087 ac
1173 1055 1329 1089 libidines

210 1116 361 1160 eorporis
393 1126 592 1160 occupatur:
624 1116 651 1149 si
683 1129 761 1148 vero
786 1116 861 1149 talis
884 1116 980 1160 sit,⁵)
1012 1117 1068 1161 qui
1093 1117 1126 1149 in
1151 1130 1329 1150 commune

209 1178 336 1222 aliquid
360 1190 485 1218 curare,
514 1178 565 1210 vel
589 1178 769 1222 providere
791 1178 932 1217 studeat,
955 1187 1011 1210 aut
1027 1179 1232 1223 reipublicae
1250 1193 1329 1212 con-

209 1240 336 1281 sulens,
368 1249 425 1272 aut
455 1239 697 1282 magistratibus
726 1252 862 1284 parem,
897 1249 953 1272 aut
977 1240 1136 1285 quicquid
1160 1241 1247 1274 illud
1270 1252 1329 1283 est,

210 1302 300 1346 quod
339 1301 372 1334 in
413 1315 589 1334 commune
621 1311 709 1334 certe
723 1302 755 1344 ⁵)
785 1302 943 1345 prodesse
983 1301 1149 1342 videatur,
1187 1313 1328 1337 exercet.

207 1364 282 1396 Jam
308 1376 385 1395 vero
410 1363 436 1395 si
461 1363 532 1407 quis
554 1363 627 1395 talis
651 1363 703 1404 sit,
728 1372 765 1395 ut
788 1362 914 1407 aliquid
938 1362 1058 1395 melius
1076 1377 1174 1408 quam
1191 1364 1328 1411 haec‚⁷)

209 1437 292 1469 quae
318 1437 479 1468 corporea
490 1424 521 1467 13)
540 1423 704 1464 videntur,
729 1425 901 1466 intelligat,
926 1435 958 1457 et
974 1425 1155 1469 sapientiae
1171 1436 1204 1458 et
1220 1427 1327 1459 scien-

210 1487 271 1519 tiae
305 1499 440 1531 operam
473 1486 646 1530 l1abeat‚⁹)
671 1486 739 1518 sine
776 1486 879 1518 dubio
905 1499 979 1529 erga
1001 1487 1235 1531 hujuscemodi
1259 1498 1327 1521 stu-

207 1548 262 1581 dia
286 1560 419 1580 omnem
444 1546 625 1579 declinabit
648 1546 852 1587 industriam,
877 1561 943 1592 quo
967 1549 1073 1592 possit
1097 1548 1253 1593 inquisita
1271 1563 1326 1582 ve-

207 1610 302 1642 ritate
341 1622 452 1642 rerum
493 1622 602 1641 causas
638 1609 935 1654 rationemque¹⁰)
973 1623 1183 1652 cognoscere.
1231 1611 1326 1645 Sicut

302 1734 332 1777 ¹)
358 1733 396 1764 In
429 1733 502 1765 edd.
529 1732 587 1770 M,
613 1732 669 1763 cfr.
694 1744 767 1775 pag.
794 1731 869 1766 228.
896 1741 965 1765 not.
992 1733 1021 1767 7.
1047 1733 1124 1768 coll.
1148 1747 1221 1779 pag.
1246 1734 1322 1770 234.

208 1787 277 1812 not.
302 1782 342 1817 1.,
367 1777 485 1810 abhinc
508 1776 627 1820 incipit
650 1776 758 1820 Caput
781 1777 855 1810 Xll.

296 1834 330 1878 ²)
354 1833 440 1865 Vide
465 1832 694 1874 origenianor.
721 1832 778 1865 lib.
803 1833 843 1866 ll.
869 1844 991 1877 quaest.
1008 1834 1066 1866 Xl.
1091 1847 1181 1869 num.
1197 1835 1230 1870 9.
1255 1849 1321 1880 seq.

298 1890 332 1934 3)
358 1889 419 1921 Ed.
443 1889 491 1921 M.
518 1889 559 1922 ll.
586 1889 730 1933 „quod.“
836 1889 869 1933 ⁴)
895 1890 980 1923 Edd.
1006 1891 1054 1924 M.
1082 1890 1298 1932 „rationale.“

299 1947 330 1990 5)
355 1945 459 1978 Deest
484 1943 565 1985 ‚,sit“
591 1944 624 1976 in
649 1944 723 1977 edd.
747 1945 796 1977 M.

296 2003 330 2044 6)
355 2002 457 2033 Deest
483 2004 614 2042 „certe“
640 2001 672 2033 in
696 2001 772 2034 edd.
795 2000 843 2032 Μ.

298 2058 329 2100 7)
353 2056 416 2090 Ed.
441 2057 488 2089 M.
514 2058 538 2090 l.
562 2057 666 2089 male:
700 2057 816 2097 „hoc.“

296 2112 328 2155 ἢ)
354 2112 417 2145 Ed.
441 2112 490 2145 Μ.
515 2112 538 2146 l.
564 2116 759 2156 „eorpora‚“
789 2112 838 2144 ed.
865 2114 913 2146 M.
941 2114 982 2147 ll.
1009 2118 1206 2158 „corpore.“

297 2167 330 2211 ⁹)
355 2168 440 2200 Edd.
468 2168 516 2199 M.
542 2168 690 2208 „habet.“

277 2223 327 2266 ¹⁰)
352 2223 455 2256 Deest
486 2223 519 2254 in
550 2224 641 2255 libris
676 2233 771 2254 antea
803 2223 898 2256 editis
923 2226 968 2269 (v.
997 2238 1022 2258 c.
1049 2226 1122 2258 edd,
1147 2225 1222 2267 M),
1259 2226 1315 2256 sed

203 2268 368 2313 reperitur
392 2269 426 2301 in
449 2268 528 2301 Mss.
555 2269 836 2312 „rationemque.“
862 2269 901 2301 R.
