1404 2463
400 109 446 131 DE
471 98 662 131 Pamcmns
686 97 797 129 Lmen
822 97 844 129 1.
1118 97 1181 132 127

67 192 192 225 discere
223 199 326 223 artem
357 187 620 232 grammaticam,
657 186 754 230 vel¹)
779 185 1008 226 mediciniam‚
1043 200 1110 219 non
1136 197 1182 220 ta-

64 266 140 286 men
164 251 290 285 idcirco
305 251 339 296 ²¹)
358 251 544 283 ostenditur
568 247 675 280 omnis
700 248 802 280 homo
819 247 872 279 vel
887 247 1036 280 medicus
1053 262 1133 289 csse,
1146 250 1180 294 3)

65 315 118 347 vel
157 312 405 356 grammaticus:
444 311 487 343 ita
522 310 548 343 si
587 309 728 342 dicimus
759 309 885 341 nullam
919 322 987 341 esse
1020 320 1183 351 naturam,

66 389 150 421 quae
182 388 249 408 non
281 373 386 419 possit
416 373 564 416 recipere
598 371 743 410 malum,
780 384 848 403 non
880 380 989 403 tamen
1021 372 1181 403 continuo

64 437 164 471 ctiam
195 435 358 480 recepisse
390 434 513 466 malum
546 433 744 475 designatur.
792 433 982 465 Secundum
1007 445 1068 464 nos
1093 446 1184 465 nam-

65 511 130 543 que
160 511 200 530 ne
214 497 247 542 ²)
278 497 430 529 diabolus
460 495 595 540 quidem
627 493 698 538 ipse
731 494 866 537 incapax
897 493 960 526 fuit
984 494 1082 533 boni,
1116 508 1182 527 non

65 569 175 592 tamen
198 558 344 598 idcirco,
370 557 447 602 quia
470 556 581 601 potuit
605 555 754 600 recipere
779 556 924 594 bonum,
950 557 1047 588 etiam
1066 556 1186 597 voluit,

66 621 119 653 vel
145 620 257 653 virtuti
282 631 417 663 operam
443 617 547 652 de'dit.
595 617 690 650 Sicut
716 616 802 649 enim
828 630 889 661 per
911 617 1008 656 haec,
1033 630 1117 661 quae
1143 618 1184 649 de

65 681 238 727 prophetis
262 681 412 725 exempla
435 679 656 724 protulimus,
681 679 898 722 edocetur,⁵)
925 678 988 710 suit
1003 678 1183 723 aliquando

64 744 190 782 bonus,
222 755 297 774 cum
327 742 361 775 in
392 742 546 786 paradiso
572 741 637 773 Dei
668 741 701 773 in
733 741 845 772 medio
872 740 1053 773 Cherubim
1079 753 1187 772 versa—

64 813 166 837 retur.
212 803 305 837 Sicut
336 816 413 845 ergo
444 803 506 835 iste
538 803 653 835 habuit
685 803 818 847 quidem
850 801 883 834 in
913 814 947 834 se
981 801 1033 834 vel
1058 801 1186 834 virtutis

65 865 294 910 recipiendae,
330 865 383 897 vel
415 863 560 897 malitiae
593 864 802 903 facultatem,
837 873 870 895 et
893 876 910 895 a
936 863 1057 895 virtute
1082 863 1187 895 dccli-

65 940 144 959 nans
174 935 245 959 tota
278 939 312 958 se
342 936 453 959 meme
479 926 646 958 convertit
669 926 709 957 ad
735 925 878 957 malum:
905 925 948 957 ita
974 924 1072 957 etiam
1098 935 1185 957 cete-

64 1001 119 1021 rae
159 997 347 1028 creaturae,
385 1001 460 1020 cum
492 987 665 1031 utriusque
700 987 842 1019 habeant
872 987 1083 1028 facultatem,
1122 1001 1185 1032 pro

66 1049 193 1082 arbitrii
208 1049 360 1081 libertate
377 1048 538 1091 fugientes
554 1049 695 1087 malum,
719 1048 896 1080 adhaerent
913 1049 1014 1081 bono.
1038 1049 1138 1081 Nulla
1153 1049 1186 1092 6)

66 1110 166 1153 igitur
187 1120 304 1143 natura
328 1119 394 1150 est,
432 1122 514 1154 quae
539 1122 607 1141 non
630 1109 769 1154 recipiat
797 1111 942 1149 bonum,
973 1110 1025 1141 vel
1051 1112 1186 1151 malum,

69 1181 204 1216 excepta
219 1171 285 1204 Dei
308 1180 444 1210 natura,
469 1183 552 1214 quae
576 1171 754 1203 bonorumr
770 1171 917 1203 omnium
935 1172 1009 1204 sons
1023 1182 1082 1212 est,
1107 1182 1139 1204 ct
1153 1174 1185 1217 ⁷)

72 1233 212 1275 Chris253
245 1232 406 1277 sapientia
431 1231 518 1264 enim
544 1241 608 1271 est,
633 1241 665 1264 et
688 1232 849 1277 sapientia
873 1233 988 1277 utique
1011 1234 1185 1267 stultitiam

68 1295 217 1339 recipere
241 1307 309 1327 non
332 1303 463 1339 potest:
488 1303 519 1325 et
546 1292 668 1338 justitia
693 1295 801 1338 est;⁸)
827 1293 950 1339 justitia
967 1305 1078 1328 autem
1093 1309 1188 1328 num—

168 1395 198 1438 ¹)
222 1395 307 1427 Edd.
331 1395 379 1428 M.
407 1403 488 1427 »et.«

162 1451 195 1494 ²)
220 1451 282 1484 Ed.
307 1451 354 1483 M.
382 1451 406 1484 Ι.
435 1449 581 1482 »idcirco
606 1450 684 1482 ideo
711 1450 925 1484 ostenditur.«

162 1507 194 1549 ³)
219 1507 324 1539 Deest
350 1519 459 1539 »esse«
485 1506 519 1538 in
545 1507 620 1540 edd.
646 1507 693 1539 M.

162 1564 196 1606 ⁴²)
220 1563 322 1595 Aliud
354 1563 443 1594 sorte
475 1562 557 1594 vidit
586 1563 618 1594 in
644 1563 772 1595 Graeco
798 1563 1038 1609 Hieronymus,
1076 1565 1131 1608 qui
1156 1565 1186 1597 in

72 1608 166 1653 epist.
197 1609 238 1640 ad
270 1607 404 1639 Avitum
442 1608 544 1639 refert
574 1608 752 1649 Origenem
791 1609 964 1641 asseruisse
997 1610 1188 1642 »diabolum

71 1666 139 1686 non
169 1654 357 1697 incapacem
391 1665 459 1684 esse
484 1652 633 1691 virtutis,
669 1662 701 1685 et
724 1662 834 1685 tamen
858 1655 1000 1686 necdum
1026 1655 1111 1686 velle
1137 1669 1189 1687 ca-

71 1711 152 1742 pere
184 1697 378 1737 virtutem,«
412 1697 504 1741 quasi
533 1698 687 1730 innueret
713 1699 924 1730 Adamantius
948 1699 1039 1738 sore,
1069 1711 1104 1732 ut
1129 1700 1189 1732 ali-

72 1744 204 1787 quando
236 1743 318 1774 velit
348 1743 501 1774 diabolus
537 1755 654 1786 capere
683 1742 850 1776 virtutem.
898 1743 985 1776 Vide
1016 1744 1190 1786 Origenia—

73 1801 146 1822 nor.
172 1787 228 1820 lib.
255 1788 296 1820 ll.
321 1796 444 1831 quaest.
469 1788 507 1820 V.
531 1801 624 1821 num.
647 1787 698 1822 11.
726 1787 852 1827 1213.
879 1797 910 1821 et
927 1790 976 1823 14.
995 1790 1031 1823 R.
1049 1813 1090 1819 —
1117 1790 1188 1823 Cfr.

75 1834 126 1866 ed.
148 1833 276 1876 Redep.
301 1845 374 1876 pag.
401 1832 473 1866 156.
497 1841 567 1865 not.
591 1832 644 1866 40.

166 1889 201 1931 ⁵)
222 1887 286 1921 Ed.
311 1888 359 1922 M.
385 1889 423 1921 ll.
451 1889 679 1921 »edocemun«

167 1944 200 1987 ε)
226 1944 295 1977 Cfr.
320 1943 462 1988 Apolog.
487 1944 627 1988 Pamph.
653 1944 760 1988 (Opp.
786 1944 878 1986 Orig.
904 1945 1073 1979 ed.Ruaei
1089 1946 1188 1978 Tom.

73 1989 138 2070 {³3⁷7
157 1989 329 2078 Aspgeud.)
359 2001 432 2033 pag.
458 1989 511 2022 27.
536 1989 614 2022 coll.
641 1990 692 2023 ed.
716 1999 815 2022 nostr.
841 1990 940 2022 Tom.
965 1991 1089 2025 XXtV.
1114 2004 1188 2035 pag.

168 2090 200 2133 7)
225 2089 282 2123 Sic
308 2102 421 2121 omnes
447 2089 554 2122 Codd.
578 2090 655 2122 Mss.
680 2090 770 2122 Editi
794 2103 872 2123 vero
898 2092 944 2135 (ν.
970 2106 998 2124 c.
1023 2092 1098 2125 edd.
1125 2091 1191 2133 M.)

76 2145 131 2168 »iet
164 2135 285 2168 Christi
316 2133 484 2179 sapientia.
532 2134 720 2178 Sapientiae
752 2136 838 2168 enim
874 2138 948 2169 fons
979 2147 1044 2177 est,
1079 2147 1111 2170 et
1142 2150 1191 2169 sa-

75 2180 198 2224 pientia
220 2180 353 2224 utique«
381 2188 442 2212 etc.
466 2179 507 2212 R.

167 2236 201 2279 8)
226 2235 316 2268 Libri
349 2235 430 2268 editi
463 2239 511 2279 (v,
538 2249 564 2269 c.
597 2237 670 2268 edd.
696 2236 760 2278 M.)
789 2247 872 2276 nest,
908 2251 991 2282 quae
1023 2251 1190 2281 nunquam

72 2282 245 2324 profecto«
274 2290 335 2313 etc.
382 2281 449 2314 Sed
482 2293 596 2313 omnes
622 2282 698 2313 Mss.
723 2290 757 2312 nt
784 2282 816 2314 in
841 2293 955 2315 nostro
982 2293 1079 2316 textu.
1108 2284 1131 2314 R
