1404 2463
393 123 439 146 DE
466 112 661 146 Pamcwns
686 113 758 145 Lm.
791 113 848 146 lV.
1134 112 1200 146 449

67 217 142 247 rus,
175 204 227 236 vel
252 203 360 237 Sidon
393 203 556 248 appellari
589 203 784 242 videantur,
822 215 1008 247 eorumque
1041 203 1196 234 locorum

66 265 255 310 principes,
293 275 392 310 atque
423 265 572 307 animae,
606 265 632 297 si
665 277 748 308 quae
779 264 813 296 in
837 264 903 296 illis
926 264 1077 296 habitant
1102 264 1198 306 locis,

68 312 244 373 Aegyptii·,
268 327 467 373 Babylonii,
493 326 585 372 Tyrii
610 339 647 358 ac
673 326 805 359 Sidonii
830 326 1052 370 appellentur.
1069 327 1099 369 ¹)
1147 325 1196 358 Ex

67 388 190 432 quibus
215 388 336 427 etiam,
361 389 545 420 secundum
572 388 665 420 illam
693 389 1001 428 conversationem,
1025 401 1124 433 quam
1149 387 1196 420 ibi

65 449 198 492 habent,
223 449 398 493 captivitas
423 451 586 494 quaedam
614 450 765 482 videatur
789 451 920 490 effecta,
944 463 1006 494 per
1030 463 1127 495 quam
1154 450 1195 482 de

63 511 191 543 Judaea
217 511 250 542 in
274 511 563 557 Babyloniam‚²)
589 512 642 543 vel
669 513 876 557 Aegyptum,
899 525 916 544 a
940 511 1138 544 melioribus
1163 521 1196 544 et

64 571 295 616 superioribus
321 573 404 605 locis
430 573 640 605 descendisse
666 573 828 613 dicamur,
856 573 907 604 vel
934 573 967 605 in
996 572 1076 605 alias
1101 585 1196 617 quas-

65 647 129 678 que
153 644 266 674 gemes
291 646 360 666 esse
387 634 567 678 dispersae.

152 695 206 729 23.
253 695 465 739 Fortassi53)
498 696 585 728 enim
618 695 703 728 sicut
733 695 784 735 hi,
822 695 878 739 qui
910 696 951 728 de
977 696 1041 728 hoc
1064 697 1193 729 mundo

158 785 189 827 ¹)
214 784 302 817 Edd.
329 784 376 817 M.
404 785 670 828 „appellantunu

156 841 189 883 ²)
215 840 272 873 Sic
298 841 379 874 Mss.
405 840 497 872 Editi
524 842 570 884 (v.
597 856 623 874 c.
651 841 726 873 edd.
746 842 812 885 Μ.)
838 841 1103 887 „Babylonem.“
1129 842 1169 874 R.

154 897 188 938 ³)
214 895 440 941 Hieronymus
465 897 499 928 in
525 909 576 940 ep.
603 898 645 929 ad
672 897 756 930 Avit.
782 911 854 941 pag.
874 896 948 931 767.
973 897 1053 929 haec
1077 896 1192 929 habet:

65 941 128 973 »Et
152 940 292 973 forsitan
319 942 493 984 quomodo
520 942 553 974 in
577 942 642 974 isto
666 944 814 982 mundo,
847 944 903 986 qui
929 943 1121 974 moriuntur
1143 954 1194 974 se-

62 985 238 1030 paratione
264 986 370 1017 carnis
396 995 429 1017 et
452 986 592 1026 animae,
619 988 707 1030 juxta
732 1001 874 1031 operum
900 987 1125 1019 differentiam
1144 988 1194 1019 di-

62 1044 153 1062 versa
179 1031 267 1074 apud
293 1031 419 1062 inferos
445 1032 598 1064 obtinent
624 1034 714 1065 loca:
740 1034 785 1064 sic
811 1032 868 1076 qui
893 1033 934 1064 de
961 1032 1116 1064 coelestis
1135 1033 1192 1065 Je-

62 1076 220 1115 rusalem,
245 1085 283 1107 ut
308 1076 350 1107 ita
376 1076 497 1115 dicam,
523 1077 812 1110 administratione
838 1077 1041 1118 moriuntur,
1066 1079 1107 1109 ad
1132 1091 1194 1109 no-

61 1121 119 1153 stri
153 1121 270 1153 mundi
296 1121 424 1153 inferna
451 1123 676 1162 descendunt,
711 1133 748 1154 ut
778 1136 841 1166 pro
868 1123 1029 1167 qualitate
1052 1123 1192 1155 merito—

61 1180 134 1198 rum
168 1166 298 1199 diversa
328 1167 361 1198 in
392 1167 490 1198 terris
521 1168 713 1211 possideant
745 1169 851 1200 loca.“
901 1168 1032 1200 Ibidem
1056 1167 1192 1212 subjun-

60 1221 182 1251 guntur
207 1212 256 1243 his
281 1211 409 1249 verbis,
434 1212 578 1245 inserto:
610 1214 656 1246 Et
679 1214 821 1246 iterum.-
851 1213 932 1245 haec
957 1226 1041 1257 quae
1066 1223 1098 1245 et
1122 1214 1194 1245 Ru-

60 1257 145 1288 finus
182 1266 214 1288 et
239 1256 402 1289 Philocal.
429 1257 631 1297 omiserunt,
665 1267 697 1289 et
728 1271 811 1302 quae
843 1272 861 1291 a
887 1259 1003 1291 Ruaeo
1034 1271 1107 1302 pag.
1133 1259 1191 1290 de-

60 1314 152 1332 mum
187 1301 260 1335 186.
292 1302 497 1334 afferuntur:
538 1303 600 1334 »Et
632 1303 709 1347 quia
749 1304 1016 1347 comparavimus
1054 1304 1095 1336 de
1126 1304 1190 1335 isto

59 1347 188 1378 mundo
221 1347 261 1378 ad
294 1346 423 1379 inferna
456 1357 630 1391 pergentes
663 1348 786 1380 animas
817 1348 856 1380 iis
883 1350 1072 1388 animabus,
1108 1362 1191 1393 quae

61 1392 102 1422 de
127 1391 293 1435 superiori
319 1392 416 1423 coelo
442 1394 483 1424 ad
508 1402 621 1425 nostra
646 1393 834 1426 habitacula
858 1394 1090 1437 pervenientes
1108 1407 1192 1437 quo-

61 1437 245 1468 dammodo
278 1446 433 1469 mortuae
463 1447 556 1478 sunt,
592 1439 751 1482 prudenti
782 1439 1038 1480 investigatione
1069 1438 1192 1471 riman-

61 1482 141 1513 dum
176 1491 239 1521 est,
272 1495 312 1514 an
346 1483 410 1514 hoc
435 1482 544 1526 ipsum
570 1483 737 1527 possimus
763 1485 861 1516 etiam
888 1484 920 1515 iu
944 1484 1115 1516 nativitate
1141 1484 1191 1516 di-

61 1539 136 1558 cere
170 1527 394 1568 singularum,
432 1537 469 1559 ut
501 1529 676 1571 quomodo
710 1542 794 1573 quae
821 1529 853 1561 in
879 1529 940 1561 ista
964 1539 1053 1561 terra
1078 1538 1191 1561 nostra

58 1581 241 1603 nascuntur
264 1572 405 1611 animae,
431 1573 483 1604 vel
509 1574 550 1605 de
575 1573 708 1605 inferno
734 1587 863 1606 rursum
888 1573 1030 1606 meliora
1054 1574 1191 1618 cupien-

59 1626 107 1648 tes
133 1618 205 1660 (ed.
229 1617 269 1649 R.
291 1620 479 1662 capientes)
505 1619 546 1650 ad
571 1618 745 1662 superiora
777 1620 923 1658 veniunt,
949 1629 982 1651 et
1008 1621 1190 1651 humanum

61 1674 184 1705 corpus
217 1671 406 1704 assumunt,
444 1663 496 1694 vel
530 1663 571 1695 de
603 1664 799 1696 melioribus
825 1665 908 1696 locis
933 1665 974 1696 ad
999 1677 1060 1696 nos
1084 1677 1190 1709 usque

61 1706 285 1739 descendunt:
325 1707 371 1739 sic
404 1716 436 1739 et
468 1721 504 1740 ea
537 1708 631 1747 loca,
671 1722 755 1753 quae
787 1722 885 1753 supra
916 1719 992 1741 sunt
1024 1709 1057 1740 in
1083 1709 1190 1741 firma-

61 1760 194 1791 menw,
227 1751 310 1784 aliae
336 1752 466 1785 animae
491 1753 701 1797 possideant,
733 1767 817 1798 quae
844 1755 884 1786 de
910 1754 1032 1786 nostris
1056 1754 1191 1786 sedibus

38 1797 103 1828 'ad
127 1796 270 1829 meliora
294 1797 493 1841 pr‹›{iciant;
527 1799 629 1837 aliae,
662 1812 746 1843 quae
778 1800 818 1831 de
844 1800 1046 1832 coelestibus
1072 1800 1113 1831 ad
1137 1799 1192 1831 fir-

60 1851 267 1874 mamentum
292 1856 397 1887 usque
428 1843 583 1887 delapsae
608 1854 701 1885 sunt,
737 1853 799 1876 nee
824 1854 953 1876 tantum
978 1845 1087 1876 fecere
1112 1857 1190 1888 pec—

61 1896 190 1927 catum,
226 1897 263 1919 ut
293 1889 333 1920 ad
360 1888 451 1929 loca7
484 1901 568 1932 quae
593 1888 791 1930 incolimus,
816 1891 1069 1923 =truderentur.“
1120 1890 1190 1921 Cfr.

61 1933 114 1964 ed.
147 1932 276 1976 Redep.
309 1946 382 1976 pag.
415 1933 490 1967 358.
522 1943 592 1965 not.
616 1935 647 1967 5.
680 1935 759 1966 coll.
794 1935 852 1967 lib.
879 1936 922 1967 ll.
957 1934 1191 1976 Origenianor.

61 1985 185 2020 quaest.
202 1977 264 2009 Xl.
288 1991 378 2011 num.
397 1978 427 2012 3.
454 1987 485 2010 et
505 1979 555 2012 11.
582 1998 622 2003 —
647 1979 700 2010 De
724 1988 871 2024 utroque
897 1976 1085 2021 fragmento
1111 1980 1192 2012 haec

60 2022 200 2053 adnotat
229 2022 474 2068 Hieronymus:
517 2023 671 2065 „Quibus
711 2024 808 2057 dictis
840 2025 1037 2069 (Origenes)
1074 2024 1192 2057 nititur

60 2067 249 2110 approbare
284 2077 316 2099 et
341 2068 606 2107 firmamentum,
638 2069 671 2100 id
698 2078 747 2101 est
772 2070 921 2109 coelum,
953 2071 993 2102 ad
1019 2082 1192 2114 compara—

59 2112 189 2143 tionem
213 2112 396 2156 superioris
423 2113 509 2145 coeli
536 2126 604 2145 esse
622 2113 760 2154 inferos,
785 2125 818 2147 et
833 2115 917 2147 hanc
934 2124 1067 2154 terram,
1092 2127 1190 2159 quam

59 2156 254 2198 incolimus,
281 2157 464 2190 collatione
490 2158 693 2191 firmamenti
719 2160 844 2192 inferos
868 2160 1049 2204 appellari:
1072 2169 1104 2192 et
1120 2173 1192 2191 rur-

59 2214 133 2232 sum
165 2203 206 2233 ad
240 2203 528 2246 comparationem
560 2204 764 2244 inferorum,
798 2205 857 2249 qui
881 2207 996 2237 subter
1018 2218 1080 2237 nos
1104 2215 1193 2243 sunt,

60 2259 122 2278 nos
147 2247 282 2279 coelum
308 2248 394 2288 dici,
419 2258 456 2280 ut
482 2249 573 2292 quod
599 2249 670 2281 aliis
693 2250 842 2283 infernus
867 2260 934 2293 est,
959 2250 1033 2283 aliis
1059 2251 1192 2283 coelum

58 2291 132 2323 sit.“

105 2352 282 2387 oamssms
309 2354 435 2389 OPERA
460 2356 554 2390 Tom.
579 2357 672 2390 XXI.
835 2336 839 2339 -
950 2357 992 2390 29
