1404 2463
205 88 272 124 288
679 89 854 123 Omossffls

208 180 254 211 cis
277 191 409 211 summo
441 180 552 212 studio
583 179 660 219 niti,
694 193 763 212 non
787 189 853 211 tam
881 189 917 211 ut
943 180 1172 225 quaestionum
1197 180 1329 213 absolu-

207 242 316 274 tiones
347 241 389 273 ad
421 240 585 285 liquidum
619 240 849 285 dispiciamus;
885 242 950 273 hoc
981 242 1068 274 enim
1102 241 1198 274 saciet
1231 255 1330 274 unus·

208 303 348 348 quisque
371 311 473 347 prout
496 303 632 347 spiritus
655 303 747 335 dabit
772 303 884 348 eloqui
909 303 956 336 ei:
981 304 1038 335 scd
1063 313 1099 336 ut
1122 302 1254 348 pietatis
1277 316 1328 335 re-

208 365 317 407 gulam
349 364 636 408 evidentissima')
667 365 846 397 assertione
871 375 1058 405 teneamus,
1089 365 1121 398 in
1147 378 1207 406 eo,
1239 366 1330 409 quod

207 426 454 471 providentiam
474 427 539 458 Dei
563 426 646 472 juste
671 428 781 459 omnia
805 427 1046 466 moderantem,
1071 437 1103 460 et
1127 425 1333 471 aequissimis

211 488 514 533 dispensationibus
544 501 606 532 pro
637 488 844 530 singulorum
877 489 1002 521 meritis
1034 498 1066 521 et
1090 488 1194 520 causis
1218 500 1331 529 regere

210 551 415 583 immortales
446 550 586 590 animas,
619 552 789 583 studemus
821 552 1016 592 ostendere;
1052 551 1130 582 dum
1155 563 1223 582 non
1247 549 1332 581 intra

211 613 307 656 liujus
332 612 454 645 saeculi
488 612 586 644 vit-'tm
620 612 820 656 dispensatio
847 612 986 644 humana
1011 611 1242 651 concluditur,
1274 611 1332 643 sed

211 674 317 707 futuri
353 684 454 707 status
485 688 614 707 causam
640 684 785 718 praestat
807 687 940 718 semper
963 673 1110 706 anterior
1134 673 1331 706 meritorum

211 745 332 776 status,
357 746 389 769 et
413 737 460 768 sic
484 736 714 779 immortali‘2)
739 746 772 768 et
797 745 931 768 aeterno
958 735 1131 779 aequitatis
1154 735 1226 779 iure
1240 736 1274 779 ³)
1302 743 1336 767 et

212 798 442 831 moderamine
475 798 604 830 divinae
642 798 874 842 providentiae
918 797 1116 829 immortalis
1151 797 1261 829 anima
1292 797 1333 828 ad

214 874 377 893 summam
407 859 624 904 perfectionis
651 859 837 891 adducitur.
885 859 919 891 Si
952 858 1024 903 quis
1048 868 1157 891 tamen
1183 867 1335 890 occurrat

213 921 312 954 nobis
346 934 408 966 pro
434 934 492 960 ρο,
525 921 615 965 quod
647 920 788 953 dicimus
802 921 834 963 ⁴)
860 934 876 952 a
902 920 1125 952 deterioribus
1149 920 1335 964 quibusque

215 993 248 1016 et
278 982 494 1027 nequioribus
531 983 683 1015 consulto
724 982 852 1015 differri
891 983 1028 1014 verbum
1070 981 1336 1026 praedit-ationis,

216 1059 275 1078 cur
299 1045 364 1084 his,
403 1045 520 1089 quibus
546 1044 660 1076 collati
685 1044 798 1090 Tyrii,
836 1044 891 1088 qui
918 1053 1007 1076 certe
1021 1044 1052 1088 ⁵)
1078 1043 1225 1088 despecti
1250 1052 1336 1082 suut,

214 1108 502 1153 praeferuntur,⁶)
527 1105 736 1151 praedicatus
759 1106 801 1138 sit
823 1119 951 1147 sermo3
991 1105 1024 1138 iu
1049 1119 1117 1150 quo
1140 1105 1257 1150 utique
1281 1118 1338 1137 au-

217 1179 306 1201 ctum
332 1178 381 1201 est
403 1168 444 1200 iis
468 1169 614 1208 malum,
645 1177 678 1201 et
701 1168 830 1209 gravior
855 1181 971 1200 eorum
996 1168 1115 1199 effecta
1141 1176 1189 1199 est
1213 1167 1338 1198 conde-

215 1230 362 1270 mnatio,
386 1239 423 1262 ut
446 1230 599 1262 audirent
623 1231 758 1262 verbum
785 1230 841 1275 qui
865 1243 932 1262 non
958 1239 1049 1262 erant
1073 1228 1248 1262 credituri:
1274 1229 1338 1260 hoc

214 1294 319 1325 niodo
360 1292 629 1336 respondendum
671 1292 810 1327 videtur.
873 1292 964 1324 Deus
1008 1291 1064 1336 qui
1112 1291 1337 1323 universarum

215 1354 377 1387 mentium
411 1353 567 1385 conditor
599 1363 663 1392 est,
695 1354 849 1386 adversus
874 1353 1118 1398 providentiam
1142 1367 1234 1386 suam
1260 1366 1339 1397 que—

217 1416 301 1449 relas
318 1428 550 1460 praenoscens,
574 1414 752 1459 praecipue
774 1428 902 1457 eorum,
920 1415 975 1459 qui
993 1416 1125 1447 dicunt:
1151 1414 1338 1458 Quomodo

218 1479 353 1511 credere
386 1486 598 1521 poteramus,
631 1489 705 1508 cum
736 1489 844 1520 neque
869 1477 1094 1521 viderimus⁷)
1121 1489 1175 1515 ea,
1211 1488 1294 1520 quae
1306 1474 1340 1518 Θ)

220 1539 323 1573 ceteri
349 1539 519 1578 viderunt,
554 1551 663 1582 neque
689 1538 889 1571 audierimus
915 1551 968 1578 ea,
1005 1551 1087 1582 quae
1113 1537 1185 1570 aliis
1209 1537 1340 1581 praedi-

219 1612 290 1634 cata
313 1600 410 1633 sunt?
445 1600 479 1631 in
503 1608 630 1631 tantum
656 1609 744 1632 extra
769 1613 828 1632 nos
853 1610 900 1632 est
924 1601 1041 1644 culpa,
1072 1609 1106 1632 ut
1132 1598 1186 1638 hi,
1219 1597 1341 1642 quibus

218 1662 432 1695 annunciatus
469 1670 517 1693 est
551 1674 679 1700 sermo,
720 1672 752 1694 et
786 1662 875 1703 signa
910 1671 1089 1694 monstrata
1124 1669 1219 1699 sunt,
1257 1658 1340 1691 nihil

221 1724 359 1757 omnino
385 1722 586 1762 distulerint,
610 1724 666 1756 sed
693 1723 916 1769 obstupefacti
938 1723 1008 1768 ipsa
1028 1722 1259 1767 prodigiorum
1278 1720 1342 1753 vir-

316 1865 347 1907 ¹)
373 1863 429 1896 Sic
454 1864 536 1898 Mss.
562 1865 650 1898 Libri
677 1864 758 1897 editi
783 1866 827 1908 (v,
854 1878 880 1897 c.
907 1865 982 1897 edd.
1005 1864 1072 1908 M.)
1099 1862 1337 1895 »cautissimafl

314 1921 348 1962 ²)
372 1919 435 1953 Ed.
460 1921 506 1952 M.
535 1921 818 1966 l,·»immor1ali.«

314 1976 346 2018 ³)
373 1976 430 2009 Sic
455 1977 534 2009 Mss.
568 1978 605 2009 ln
640 1977 735 2010 editis
760 1979 805 2021 (v.
833 1991 859 2010 c.
885 1977 962 2011 edd.
987 1976 1052 2019 Μ.)
1077 1976 1194 2008 desunt
1220 1975 1338 2006 verba:

225 2020 317 2065 „jure
342 2030 409 2054 etan
432 2022 473 2054 R.
601 2023 634 2066 ὅ)
659 2023 742 2054 Edd.
768 2023 815 2055 M.
843 2023 1033 2064 „diximusm

317 2077 349 2120 ⁵)
374 2076 461 2109 Edd.
487 2078 533 2110 M.
562 2084 743 2123 ›1semper.“
801 2078 834 2122 6)
859 2079 921 2111 Ed.
949 2078 996 2110 Μ.
1022 2078 1046 2110 l.
1074 2078 1341 2121 ”proferuntunn

318 2132 351 2175 ⁷)
375 2132 437 2165 Ed.
460 2133 506 2165 M.
534 2135 576 2166 ll.
603 2135 842 2175 „x·idere1nus.«

318 2189 352 2232 ⁸)
380 2188 510 2221 Omissa
536 2200 610 2221 sunt
634 2190 665 2222 iu
690 2191 784 2223 tibris
809 2202 904 2224 antea
929 2191 1023 2223 editis
1047 2192 1093 2233 (v,
1120 2202 1147 2220 c.
1173 2188 1247 2220 edd.
1268 2186 1343 2229 M),

227 2233 307 2265 licet
329 2234 538 2277 reperiantur
561 2235 594 2265 in
617 2236 771 2268 omnibus
796 2237 884 2269 Mss.'
901 2239 1016 2268 verba:
1045 2246 1149 2279 »quae
1173 2232 1274 2265 ceteri
1299 2232 1345 2263 vi-

228 2280 358 2319 derunt,
381 2291 489 2322 neque
515 2279 716 2312 audierimus
742 2287 808 2314 ea.“
838 2283 875 2314 l'i.
