1404 2463
379 135 421 157 m:
448 124 638 156 PfflNcn‘ns
664 124 774 156 Lmen
801 123 823 156 l.
1098 122 1159 158 101

42 214 146 245 modo
165 213 196 256 ¹)
221 213 384 258 cet-idm)
411 214 451 246 de
477 215 572 245 coelo
599 212 743 251 Lucifer,
768 212 824 256 qui
849 224 944 244 mane
969 212 1162 247 oriebatur?

43 275 241 308 confractus
266 285 313 307 est
344 285 377 308 et
407 275 543 308 collisus
574 274 607 306 in
631 283 769 314 terram,
801 273 857 319 qui
889 273 1089 306 immittebat
1120 275 1160 307 ad

44 348 160 369 omnes
184 347 307 379 gentes.
355 338 407 369 Tu
433 349 511 368 vero
543 335 652 368 dixisti
682 335 715 367 in
739 349 835 368 sensu
847 336 880 380 ³)
905 344 981 368 tuo:
1014 336 1161 367 Adscen-

42 399 118 430 dam
142 398 176 430 in
205 399 355 437 coelum,
385 410 487 442 super
516 397 627 429 stellas
661 397 749 430 coeli
779 410 902 441 ponam
934 410 1046 429 meum
1070 397 1161 429 thro-

40 472 138 499 num,
170 460 293 492 sedebo
324 458 357 491 in
388 469 502 491 monte
527 459 657 491 excelso
682 458 826 503 ευριπ-4)
851 467 983 491 montes
1006 458 1163 498 excelsos,

44 520 100 565 qui
124 530 202 558 mut
225 521 266 553 ad
290 520 498 565 aquilonem,
534 521 732 552 adscendam
756 533 858 564 super
879 521 1001 559 nubes,
1035 532 1092 552 ero
1117 519 1161 552 si-

43 582 133 614 milis
158 582 329 615 altissimo.
375 581 483 620 Nunc,
502 591 611 614 autem
644 581 678 614 in
708 581 874 614 infernum
906 581 1106 624 demergeris
1132 590 1164 613 et

45 644 79 676 in
104 644 318 676 fundamenta
345 653 463 681 terrae,
509 643 577 687 Qui
603 653 636 676 te
662 643 815 683 viderint,
838 643 1090 677 admirabuntur
1110 656 1164 675 su-

44 719 105 750 per
128 715 171 745 te,
196 715 228 739 et
252 705 381 738 dicent:
412 705 476 737 Hic
507 715 555 738 est
586 706 708 746 bomo,
739 705 797 750 qui
822 706 1037 737 exacerbabat
1059 714 1163 736 totam

45 777 184 807 terram,
218 767 273 812 qui
306 767 463 799 movebat
486 780 597 808 reges,
627 767 683 811 qui
715 767 794 800 secit
823 767 1015 799 universum
1047 767 1163 798 orbem

44 829 231 870 desertum,
263 829 321 873 qui
346 829 443 861 urbes
468 828 646 868 destruxit,
679 842 739 861 nec
771 842 846 870 eos,
879 828 936 872 qui
967 828 999 861 in
1025 827 1165 860 vinculis

38 900 130 930 sunt,
154 891 301 924 resolvit.
348 890 475 923 Omnes
507 903 599 932 reges
629 890 776 932 gentium
807 889 1017 922 dormierunt
1047 889 1080 922 in
1105 890 1165 921 bo-

45 965 138 996 nore,
165 951 390 997 unusquisque
415 951 448 984 in
474 952 576 983 domo
601 965 675 984 sua:
708 961 743 984 tu
769 965 847 984 vero
873 951 1105 997 projicieris⁶)
1130 952 1163 983 in

45 1013 217 1046 montibus
248 1015 334 1046 sicut
363 1022 514 1046 mortuus
526 1014 558 1056 ⁶)
592 1013 800 1046 exsecrabilis
832 1027 906 1046 cum
938 1012 1052 1046 multis
1076 1026 1166 1044 mor-

45 1075 122 1116 tuis,
146 1076 203 1120 qui
228 1075 397 1107 transfossi
420 1084 497 1107 sunt
521 1075 655 1116 gladiis,
680 1084 712 1107 et
738 1075 981 1107 descenderunt
1004 1074 1039 1107 in
1064 1074 1166 1106 iufer-

46 1151 136 1170 num.
183 1137 278 1170 Sicut
302 1136 536 1168 vestimentum
560 1136 715 1177 sanguine
740 1146 932 1181 concretum
949 1146 982 1169 et
1004 1137 1165 1168 infectum

47 1211 117 1231 non
141 1198 202 1230 erit
226 1199 408 1238 mundum,
438 1198 482 1230 ita
513 1211 576 1230 nec
608 1207 644 1230 tu
677 1198 811 1242 quidem
842 1198 904 1230 eris
936 1198 1081 1230 mundus
1103 1210 1164 1242 pro

48 1273 101 1300 eo,
125 1260 216 1304 quod
242 1268 363 1292 terram
388 1273 495 1292 meam
519 1259 705 1304 perdidisti,
731 1269 764 1292 et
787 1260 952 1304 populum
974 1273 1086 1292 meum
1111 1272 1167 1291 oc-

49 1321 176 1363 cidisti3
206 1334 274 1353 non
304 1321 452 1353 manebis
482 1321 515 1353 in
539 1331 711 1353 aeternum
742 1331 892 1365 tempus,
921 1334 1033 1354 semen
1064 1320 1167 1365 pessi-

46 1396 150 1417 mum.
196 1383 361 1426 Praepara
384 1382 472 1415 filios
496 1391 572 1414 tuos
603 1383 643 1415 ad
669 1382 936 1415 interfectionem
961 1396 1023 1428 pro
1048 1395 1166 1427 pecca-

49 1446 90 1478 tis
113 1445 214 1490 patris
238 1443 307 1485 tui,
338 1457 381 1476 ne
404 1453 591 1486 resurgant,
627 1453 659 1476 et
690 1454 809 1476 terram
834 1445 1036 1477 haereditate
1061 1444 1167 1489 possi-

49 1508 159 1546 deant,
183 1516 216 1538 et
237 1505 391 1550 repleant
415 1515 537 1538 terram
561 1506 668 1538 bellis.
716 1506 757 1538 Et
775 1507 939 1548 insurgam
964 1506 997 1539 in
1023 1519 1090 1547 eos,
1115 1506 1166 1537 di-

48 1571 94 1602 cit
116 1568 284 1601 Dominus
307 1567 464 1606 Sabaoth,
489 1577 522 1600 et
545 1567 697 1612 deperire
716 1568 832 1600 faciam
857 1582 980 1601 nomen
1004 1568 1166 1612 ipsorum,

51 1631 128 1676 et7)
153 1629 328 1675 reliquias,
361 1639 394 1662 et
424 1642 537 1662 semen
569 1633 718 1662 eorun¹.“
765 1629 1035 1662 Manifestissime
1058 1628 1167 1674 per8)

48 1694 129 1726 baec
151 1691 338 1725 ostenditur
369 1691 526 1724 cecidisse
559 1691 600 1723 de
632 1691 728 1722 coelo
761 1691 788 1723 is
820 1691 954 1735 utique,
993 1691 1049 1736 qui
1074 1690 1167 1735 prius

148 1818 180 1861 ¹)
206 1816 274 1851 Cfr.
298 1813 398 1847 Jesai.
422 1813 514 1852 XlV,
540 1813 681 1848 12—22.

144 1874 177 1915 ²)
202 1873 251 1904 lta
277 1872 356 1905 Mss.
382 1870 512 1914 (itemq.
537 1871 588 1903 ed.
614 1871 661 1903 M.
687 1871 727 1914 l.)
752 1869 842 1902 Alias
867 1870 915 1914 (v.
939 1883 966 1902 c.
989 1869 1023 1901 in
1041 1869 1094 1901 ud.
1118 1869 1167 1901 M.

54 1922 112 1963 ΙΙ.)
138 1916 360 1958 ‚,descen(lit.“
388 1916 426 1948 R.

142 1976 176 2017 ³)
204 1975 250 2006 lta
277 1973 351 2004 Mss.
380 1971 469 2002 Alias
492 1972 539 2014 (v.
564 1985 590 2004 c.
610 1945 645 2003 in
671 1972 746 2004 edd.
772 1972 836 2016 M.)
863 1971 1018 2012 „corde.“
1046 1971 1084 2003 R.

145 2031 179 2074 ⁴)
204 2028 293 2061 Libri
319 2027 398 2059 editi
423 2029 458 2069 (v
494 2040 519 2058 c.
545 2028 619 2060 edd.
647 2027 710 2070 Μ.)
737 2040 856 2071 „super
874 2040 987 2059 omncs
1012 2026 1170 2066 excelsos,

56 2078 111 2123 qui
135 2085 210 2109 sunt
235 2075 268 2106 in
293 2072 480 2117 aquil‹›ne.“
528 2073 594 2104 Sed
622 2073 698 2104 Mss.
725 2082 762 2104 ut
785 2073 816 2104 in
841 2083 956 2106 nostro
980 2081 1081 2104 textu.
1106 2071 1145 2104 R.

148 2134 181 2177 ⁵)
205 2132 291 2163 Edd.
320 2129 365 2161 M.
395 2128 617 2173 »projiceris«

148 2189 182 2232 ὃ)
207 2187 293 2219 Edd.
321 2186 367 2217 M.
396 2184 566 2216 „mortuus
590 2193 622 2215 et
646 2183 882 2216 exsecrabilis.«

147 2245 180 2287 7)
203 2243 308 2274 Deest
334 2250 404 2274 »ct«
433 2241 464 2273 in
490 2241 563 2273 edd.
589 2240 635 2273 M.

148 2301 181 2344 ⁹)
207 2299 292 2332 Edd.
317 2298 363 2332 Μ.
392 2310 489 2339 »ergo
516 2311 575 2341 per
599 2296 709 2330 haeum
