1404 2463
215 111 282 146 258
697 110 875 143 Omtmms

220 201 310 234 dicio
335 200 433 239 fides,
467 213 550 245 quae
576 199 693 245 judicii
720 200 899 233 credulitas
924 210 1088 244 provocat
1113 200 1286 239 homines,
1311 208 1344 231 et

219 264 335 296 suadet
368 264 409 295 nd
441 264 526 295 bene
559 261 842 306 praeclareque')
874 261 1074 301 vivendum,
1109 270 1142 293 et
1173 261 1264 294 omni
1289 273 1344 302 ge-

219 337 299 357 nere
322 325 519 367 refugere2)
544 333 738 368 peceatum,
771 332 803 355 et
826 336 888 367 per
912 323 976 355 hoc
1000 323 1069 355 sine
1095 323 1199 355 dubio
1220 323 1345 355 indica-

218 396 289 427 tur,
321 387 412 431 quod
443 386 478 418 in
507 395 619 418 nostra
649 386 692 418 sit
715 385 865 430 positum
889 394 1075 428 potestate,
1108 385 1162 416 vel
1186 384 1345 416 laudabili

218 462 280 481 nos
305 448 400 488 vitae,
417 449 447 492 ³)
474 448 527 479 vel
560 447 722 490 culpabili
748 447 888 479 dedere:
921 457 1101 490 propterea
1125 446 1346 479 necessarium

221 522 298 541 reor
322 522 428 553 pauca
459 509 558 541 etiam
595 509 635 540 de
667 508 796 540 arbitrii
818 509 971 551 nostri⁴)
996 508 1150 540 libertate
1175 507 1347 546 disserere,

222 584 264 603 eo
296 572 389 615 quod
424 583 492 602 non
525 570 720 612 ignobiliter
749 570 829 601 haec
855 583 990 614 quoque
1016 569 1166 614 quaestio
1191 582 1208 602 a
1234 582 1348 614 quam-

222 632 377 677 plurimis
401 632 554 674 agitetur.
602 632 648 664 Ut
672 641 783 663 autem
809 631 950 669 facilius,
976 631 1056 676 quid
1081 631 1123 663 sit
1148 631 1282 663 libertas
1298 643 1349 662 ar-

222 694 334 734 bitrii,
370 706 628 736 cognoscamus,
659 694 785 738 quid⁵)
810 693 872 726 sibi
896 693 975 725 velit
998 702 1113 725 natura
1136 692 1240 736 ipsius
1264 691 1351 724 arbi·

222 756 280 789 trii
305 755 551 800 voluntatisque
576 755 793 799 requiramus.

314 818 344 851 2.
378 817 552 856 Omnium,
576 830 659 861 quae
684 827 872 856 moventur,
896 817 958 849 alia
983 817 1018 850 in
1043 826 1148 849 semet
1170 815 1251 860 ipsis
1276 827 1351 847 cau-

225 892 274 912 sas
298 888 452 911 motuum
477 880 661 922 suorumf’)
685 889 821 921 gerunt,
853 879 918 911 alia
942 879 1142 911 extrinsecus
1166 877 1350 922 accipiunt:

224 951 261 973 ut
290 950 371 985 puta
401 941 601 973 extrinsecus
631 940 867 972 tantummodo
900 950 1078 973 moventur
1103 940 1233 979 omnia,
1269 951 1352 983 quae

226 1002 296 1035 sine
322 1002 385 1034 vita
409 1012 501 1042 sunt,
527 1012 564 1035 ut
589 1002 732 1046 lapides,
759 1011 791 1034 et
814 1001 920 1043 ligna,
944 1012 976 1034 et
1001 1015 1215 1047 quaecunque
1240 1000 1353 1046 hujus-

226 1064 366 1107 modi⁷)
391 1073 484 1104 sunt,
518 1077 601 1109 quae
629 1064 704 1096 solo
730 1064 844 1096 habitu
868 1063 1025 1096 materiae
1049 1077 1126 1096 suae
1150 1063 1203 1095 vel
1229 1075 1352 1107 eorpo-

227 1139 302 1158 rum
335 1134 496 1159 constant.
553 1125 749 1158 Omittenda
783 1138 860 1157 sane
893 1139 981 1158 nunc
1013 1135 1061 1158 est
1096 1126 1155 1158 illa
1192 1124 1354 1169 quaestio,

229 1201 312 1232 quae
345 1188 444 1219 etiam
476 1187 572 1219 illum
605 1197 735 1219 motum
759 1196 856 1231 putat
878 1200 966 1227 esse,
999 1200 1073 1219 cum
1097 1200 1159 1231 per
1183 1195 1356 1231 corrupte-

230 1249 294 1281 lam
334 1262 478 1293 corpora
517 1249 761 1290 dissolvuntur3
799 1249 882 1281 nihil
914 1249 1003 1281 enim
1034 1249 1168 1293 ηοω-,8)
1200 1249 1280 1280 haec
1311 1248 1353 1280 ad

228 1310 444 1355 propositum
469 1311 672 1343 conducunt.
720 1311 794 1344 Alia
819 1324 899 1343 vero
925 1311 958 1343 in
981 1324 1015 1344 se
1039 1311 1119 1356 ipsis
1142 1311 1266 1343 habent
1282 1322 1356 1342 ino·
1403 1331 1404 1360 3

229 1372 328 1404 vendi
355 1385 504 1412 causam,
539 1382 578 1405 ut
602 1373 775 1412 animalia,
806 1373 859 1404 vel
890 1374 1045 1412 arbores,
1081 1382 1114 1405 et
1136 1372 1246 1405 omnia
1271 1384 1354 1417 quae
1403 1367 1404 1395 Ῑ

230 1447 292 1479 per
327 1435 513 1466 naturalem
545 1434 664 1473 vitam,
700 1434 753 1465 vel
790 1447 852 1478 per
884 1434 1026 1466 animam
1061 1443 1231 1468 constant:
1269 1434 1357 1466 inter

231 1508 314 1540 quae
346 1495 445 1528 etiarn
469 1496 685 1528 metallorum
710 1508 807 1528 venas
833 1496 986 1540 deputari
1010 1496 1176 1540 aliquibus
1188 1496 1221 1540 ⁹)
1247 1495 1353 1527 visum

231 1567 297 1598 est;
328 1558 386 1589 sed
419 1567 451 1590 et
482 1557 564 1599 ignis
596 1557 647 1590 sui
678 1566 788 1589 motus
821 1570 890 1589 esse
913 1557 1078 1601 putandus
1103 1566 1169 1597 est,
1207 1556 1355 1589 fortassis

230 1628 340 1652 autem
368 1619 467 1651 etiam
502 1629 534 1652 et
564 1619 674 1651 fontes
698 1632 868 1662 aquarum.
917 1619 1008 1651 Haec
1033 1628 1161 1658 autem,
1202 1619 1354 1663 quae¹⁰)

230 1681 265 1713 in
289 1690 395 1713 semet
418 1680 498 1725 ipsis
524 1694 653 1713 causam
677 1694 813 1712 suorum
838 1689 993 1713 motuum
1019 1680 1160 1721 habent,
1195 1680 1355 1724 quaedam

231 1743 388 1776 dicuntur
413 1755 451 1774 ex
474 1755 520 1782 se,
545 1743 705 1786 quaedam
731 1755 748 1774 a
771 1755 805 1774 se
830 1741 974 1775 moveri:
999 1751 1031 1774 et
1055 1742 1099 1774 ita
1125 1741 1355 1787 dividunt‚¹')

329 1844 358 1887 ¹)
383 1843 471 1875 Edd.
496 1844 545 1877 Μ.
571 1845 786 1889 „beateque.“
882 1843 918 1885 ²)
942 1843 1028 1877 Edd.
1054 1843 1101 1875 M.
1129 1843 1296 1885 „fugere.“

325 1900 358 1943 3)
382 1899 469 1932 Edd.
493 1899 542 1932 M.
568 1899 666 1941 „vita,
690 1898 743 1930 vel
767 1898 928 1943 culpabili
952 1900 1105 1940 degere.“

325 1953 359 1998 ¹²)
382 1955 487 1987 Deest
511 1955 657 1995 „nostri“
683 1955 717 1988 in
742 1955 816 1987 edd.
835 1955 882 1988 M.
934 1956 966 2000 ⁵)
986 1955 1072 1989 Edd.
1090 1955 1137 1989 M.
1163 1963 1218 1996 „et
1241 1954 1353 2000 quid.“

324 2012 358 2053 6)
382 2010 488 2042 Deest
512 2014 691 2051 „suorum“
717 2011 749 2043 in
778 2011 852 2042 edd.
878 2011 926 2043 M.
1350 2013 1353 2015 ’

326 2068 359 2110 7)
383 2065 488 2098 Deest
514 2066 747 2112 „hujusmodffl
774 2066 807 2098 in
832 2067 907 2100 edd.
932 2068 980 2100 M.

325 2123 358 2165 ⁸)
382 2122 469 2154 Edd.
498 2124 543 2156 M.
569 2136 678 2163 „nunc
703 2123 743 2154 ad
768 2123 980 2168 propositum
1005 2122 1194 2156 conducit.“

327 2179 360 2222 ¹³)
383 2178 470 2211 Edd.
496 2179 543 2211 M.
571 2180 634 2220 „ab
658 2179 855 2223 aliquibus.“

308 2235 360 2274 ¹⁰)
387 2234 493 2265 Deest
520 2239 646 2279 „quae“
673 2234 705 2266 in
731 2236 806 2266 edd.
831 2234 881 2267 M.

303 2291 356 2334 11)
381 2289 437 2323 Sic
462 2289 543 2322 Mss.
568 2290 732 2324 lVIerlinus
758 2302 854 2322 vero:
884 2289 1129 2330 „dividuntunn
1160 2290 1197 2324 1¹..
