1404 2463
227 105 290 140 194
696 103 867 138 Omctms

229 208 290 240 que
322 203 449 226 sanctos
481 194 570 225 calor
600 192 718 236 aliquis
750 193 841 225 verbi
867 193 932 225 Dei
963 193 1128 237 putandus
1152 203 1198 226 est
1224 207 1340 238 perve-

227 257 328 290 nisse:
362 256 393 288 in
425 256 483 286 hac
516 263 625 286 :nutem
657 253 766 286 anima
788 254 860 298 ipse
883 254 966 296 ignis
990 255 1122 287 divinus
1145 255 1340 288 substantia·

231 319 306 351 liter
339 317 536 362 requievisse
562 316 743 348 credendus
774 326 838 355 est,
875 329 913 349 ex
938 329 1004 361 quo
1029 317 1071 348 ad
1097 326 1224 349 ceteros
1249 317 1341 349 calor

229 380 346 426 aliquis
377 378 512 411 venerit.
567 377 717 422 Denique
749 379 839 422 quod
865 379 962 417 dixit,
997 378 1093 422 quia:
1126 378 1283 423 „unxit¹)
1306 388 1339 411 te

230 444 338 481 Deus,
370 442 461 473 Deus
485 450 576 478 tuus,
607 439 684 471 oleo
717 439 860 472 laetitiae
885 453 963 484 prae
987 440 1204 485 participibus
1227 440 1339 472 tuis:“

230 503 383 542 ostendit,
408 502 498 546 quod
522 501 617 533 aliter
639 501 699 533 ista
723 501 829 533 anima
851 502 928 533 oleo
947 501 1101 540 laetitiae,
1122 502 1157 534 id
1175 511 1222 534 cst
1239 502 1340 534 verbo

230 566 294 598 Dei
320 566 394 606 et2)
425 563 583 608 sapientia
614 563 762 604 ungitur,
799 572 831 594 et
861 563 958 595 aliter
981 564 1159 608 participes
1183 562 1271 607 eius,
1305 563 1341 596 id

231 637 279 659 est
311 625 412 658 sancti
443 625 626 668 prophetae
657 634 689 656 et
719 624 874 668 apostoli.
922 625 975 657 lili
1007 625 1094 657 enim
1125 625 1158 657 in
1191 624 1296 657 odore
1309 626 1342 668 ³)

233 697 475 729 unguentorum
508 685 576 730 ejus
607 687 772 718 cucurrise
805 686 974 719 dicuntur:
1010 687 1070 719 ista
1101 696 1211 719 autem
1235 685 1343 719 anima

233 749 399 781 vasculum
422 748 579 789 unguenti
603 748 704 792 ipsius
728 748 806 787 fuit,
833 762 869 780 ex
894 748 986 793 cuins
1011 747 1185 791 fragrantia
1210 747 1343 792 partici-

233 821 346 855 pantes
378 809 466 850 digni
491 809 613 854 quique
638 810 821 854 prophetae
847 810 969 842 fiebant
994 819 1026 842 et
1049 810 1203 854 apostoli.
1250 809 1344 843 Sicut

234 885 311 914 ergo
343 871 433 903 aliud
465 879 511 902 est
543 871 701 917 unguenti
723 871 921 910 substantia,
953 871 1043 904 aliud
1069 872 1157 904 odor
1179 871 1263 916 ejus:
1300 870 1344 902 ita

234 934 323 966 aliud
349 942 398 965 est
423 932 582 972 Christus,
608 942 641 964 et
664 932 754 964 aliud
777 932 955 977 participes
978 933 1038 966 sui.
1052 933 1084 976 ⁴)
1125 934 1168 966 Et
1189 935 1276 966 sicut
1290 945 1346 964 vas

235 997 358 1039 ipsun»,
388 994 478 1038 qnod
511 993 725 1025 substantiam
750 993 940 1037 continet⁵)
965 995 1142 1035 unguenti,
1174 994 1269 1026 nullo
1293 1006 1348 1035 ge-

233 1070 310 1089 nere
343 1064 454 1100 potest
485 1054 610 1099 aliquid
642 1054 791 1099 recipere
823 1055 982 1097 foetoris3
1024 1056 1058 1088 hi
1087 1068 1184 1095 vero,
1223 1055 1278 1100 qui
1311 1067 1348 1086 ex

235 1119 340 1150 odore
370 1117 437 1161 ejus
465 1116 680 1160 participant,
714 1117 741 1148 si
771 1129 805 1148 se
838 1117 936 1161 paulo
974 1117 1100 1159 longius
1132 1130 1149 1149 a
1174 1116 1348 1159 fragrantia

239 1181 309 1226 ejus
347 1178 566 1216 removerint,
605 1178 765 1222 possibile
801 1188 850 1210 est
882 1189 917 1211 ut
953 1179 1153 1212 incidentem
1189 1177 1349 1222 recipiant

238 1243 419 1273 foetorem:
457 1241 501 1272 ita
526 1240 672 1273 Christus
686 1240 718 1282 6)
756 1240 847 1272 velut
877 1253 929 1273 vas
960 1240 1086 1284 ipsum,
1121 1241 1157 1273 in
1189 1253 1256 1284 quo
1280 1248 1350 1272 erat

237 1303 438 1345 unguenti7)
462 1301 661 1340 substantia,
692 1301 897 1345 impossibile
929 1303 992 1334 suit
1014 1311 1050 1334 ut
1074 1301 1275 1334 contrarium
1299 1313 1351 1333 re-

239 1365 364 1408 ciperet
395 1364 555 1402 odorem;
590 1362 811 1406 participes⁸)
849 1376 927 1395 vero
967 1363 1035 1409 ejus
1072 1377 1170 1408 quam
1206 1362 1350 1408 proximi

240 1425 362 1457 fuerint
387 1425 538 1461 vasculo,
562 1432 628 1455 tam
654 1423 767 1455 odoris
791 1434 887 1456 erunt
909 1425 1087 1469 participes
1112 1435 1144 1458 et
1168 1437 1314 1469 capaces.

327 1486 400 1530 (9¹2)
426 1485 578 1517 Arbitror
613 1497 687 1516 sane
721 1485 816 1517 ctiam
841 1485 1042 1518 Hieremiam
1072 1486 1270 1530 prophetam
1301 1485 1350 1516 in-

242 1548 461 1589 telligentem,
493 1559 576 1590 quae
607 1547 649 1578 sit
679 1546 713 1578 in
744 1559 784 1578 eo
815 1556 931 1579 natura
953 1547 1019 1579 Dei
1041 1546 1238 1592 sapientiae,
1267 1558 1350 1591 quae

243 1609 338 1641 etiam
369 1609 448 1640 haec
481 1610 626 1651 esset,⁹)
665 1621 760 1652 quam
791 1621 854 1651 pro
886 1608 990 1641 salute
1013 1609 1129 1641 mundi
1151 1617 1352 1652 susceperat,

242 1670 376 1703 dixisse:
401 1669 566 1714 „Spiritus
581 1671 632 1714 ¹⁰)
657 1669 767 1701 vultus
792 1669 895 1702 nostri
921 1669 1067 1703 Christus
1090 1670 1274 1711 Dominus,
1299 1670 1352 1703 cui

338 1816 367 1859 ¹)
393 1814 512 1846 Psalm.
538 1814 639 1852 XLV,
665 1814 694 1847 7.
721 1813 871 1857 (XLIV.)

333 1873 366 1914 ²)
391 1870 629 1903 Desidet-amur
651 1871 685 1901 iu
708 1878 801 1901 antea
827 1870 923 1902 editis
948 1872 994 1913 (v.
1021 1884 1047 1903 c.
1073 1872 1146 1903 edd.
1173 1871 1254 1914 M.),
1292 1872 1349 1904 sed

243 1917 405 1949 habentur
427 1916 460 1947 in
485 1916 563 1947 Mss.
589 1915 704 1946 verba:
731 1924 785 1955 „et
807 1915 997 1958 sapientia.“
1027 1917 1065 1949 R.

335 1972 366 2015 ³)
395 1971 462 2004 eff.
488 1970 610 2003 cantic.
636 1971 759 2003 cantic.
786 1971 810 2009 1,
833 1970 864 2004 3.
958 1971 991 2014 4)
1015 1971 1101 2004 Edd.
1127 1971 1172 2004 M.
1198 1971 1320 2016 „ejusf‘

336 2029 368 2070 ⁵)
393 2027 448 2061 Sic
480 2027 559 2059 Mss.
590 2027 678 2058 Alias
712 2029 757 2070 (v.
791 2039 817 2058 c.
849 2026 884 2058 in
916 2027 991 2059 edd.
1017 2027 1080 2069 M.)
1118 2027 1287 2067 „continet
1320 2037 1351 2059 et

244 2076 479 2115 unguentum.“
504 2072 543 2103 R.
632 2072 665 2113 ⁶)
693 2072 760 2105 Cf'r.
785 2072 835 2103 ed.
861 2072 986 2115 Redep.
1012 2085 1085 2115 pag.
1107 2072 1182 2106 200.
1206 2082 1275 2109 not,
1301 2073 1351 2107 12.

337 2127 367 2170 7)
395 2127 461 2160 Cfr.
489 2127 537 2159 cd.
562 2127 689 2170 Redep.
715 2140 785 2170 pag.
810 2126 885 2161 200.
910 2136 979 2159 not.
1007 2127 1057 2161 13.

336 2185 369 2226 ²⁵)
394 2182 448 2214 Sic
474 2182 549 2214 Mss.
578 2182 665 2214 Alias
690 2185 736 2225 (v,
761 2197 786 2215 e.
812 2184 844 2214 iu
871 2184 945 2215 edd.
965 2184 1026 2227 M.)
1053 2183 1250 2227 „participes
1274 2195 1350 2214 vcro

247 2228 295 2260 sui
320 2240 416 2271 quam
442 2227 621 2271 propinqui
646 2227 788 2259 suerim“
815 2237 876 2260 etc.
901 2229 939 2260 R.

338 2285 370 2326 ⁹)
396 2283 499 2314 Deest
525 2286 649 2323 „esset“
675 2282 708 2315 in
734 2284 807 2316 edd.
833 2283 879 2315 M.
934 2284 984 2327 ¹⁰)
1012 2283 1216 2317 Csr.'l'hren.
1233 2283 1350 2322 1V,20,
