1404 2463
338 157 381 178 DE
407 146 593 179 Pam-emus
619 145 726 178 Lnffln
753 146 811 178 ΠΙ.
1070 143 1135 178 277

29 235 120 266 tione
146 234 254 267 dilata.
295 235 364 278 Qui
387 235 511 280 utiquc,
536 235 614 279 quid
638 248 655 267 a
674 236 747 267 Deo
767 243 1019 278 consequentur,
1043 233 1136 274 igno-

30 305 121 335 rant,
156 296 218 329 nisi
252 296 342 341 prius
378 297 463 339 Μ’)
496 295 648 328 beneficii
684 295 905 339 consequendi
937 294 1135 326 desiderium

32 357 198 389 venerint:
229 359 319 402 quod
344 358 386 390 ita
411 358 542 389 demum
567 358 633 396 fiet,
657 356 683 388 si
709 357 779 400 quis
804 366 876 388 ante
901 365 1004 388 semet
1028 355 1134 398 ipsum

31 429 226 460 cognoscat,
257 429 288 451 et
316 419 432 451 sentiat
457 419 535 464 quid
559 418 621 451 sibi
645 418 746 457 desit3
778 427 810 449 et
834 418 923 461 quod
948 417 1008 449 sibi
1034 417 1135 453 deest,

32 493 49 511 a
81 494 146 524 quo
179 493 333 524 quaerere
366 481 417 512 vel
448 481 581 519 debeat,
612 480 664 511 vel
689 479 812 523 possit,
847 478 1017 519 intelligat.
1067 476 1134 519 Qui

33 541 120 573 enim
145 555 210 573 non
235 541 432 573 intellexerit
456 541 544 585 prius
568 540 804 578 infirmitatem,
829 540 880 571 vel
898 538 1136 581 aegritudinem

34 615 142 642 suam,
173 603 337 634 medicum
363 615 517 646 quaerere
541 602 660 635 nescit:
690 603 742 634 vel
767 611 854 634 certe
879 614 952 632 cum
977 599 1140 643 receperit

33 662 213 701 sanitatem,
237 676 304 694 non
316 663 348 707 ²)
375 662 436 695 erit
454 672 567 704 ‘gratus
591 663 739 702 medico,
771 663 827 707 qui
851 675 916 694 non
942 662 1032 706 prius
1054 660 1140 705 peri-

36 723 148 755 cuium
178 723 227 755 sui
258 724 422 765 languoris
454 724 596 766 agnovit.
645 725 690 756 lta
721 733 753 757 et
783 724 807 756 si
833 723 930 768 qui3)
956 737 1022 755 non
1049 722 1139 766 prius

33 784 159 816 animae
198 798 274 817 suae
313 785 410 826 vitia,
448 796 481 818 et
520 796 734 830 peccatorum
773 799 907 818 suorum
948 784 1141 826 cognoverit

34 845 136 885 mala,
166 858 203 878 ac
234 846 363 891 proprii
395 847 460 879 oris
490 848 696 881 confessione
722 847 925 891 prodiderit,
956 845 1087 890 purgari
1113 846 1138 877 is

33 906 227 952 absolvique
259 921 326 940 non
350 908 491 952 poterit,
523 923 562 941 ne
585 909 714 951 ignoret
735 909 797 941 sibi
821 922 880 952 per
902 908 1037 949 gratiam
1062 920 1141 939 con-

34 981 159 1000 cessum
182 969 282 1001 fuisse
306 971 396 1013 quod
421 971 578 1014 possidet,
603 980 634 1002 et
658 971 798 1003 divinam
818 969 1046 1002 liberalitatem
1065 981 1142 1012 pro-

35 1030 147 1073 prium
183 1030 309 1062 bonum
340 1040 450 1075 putet:
489 1045 570 1076 quae
603 1045 654 1064 res
683 1032 751 1064 sine
789 1031 890 1063 dubio
924 1030 1139 1072 arrogantiam

34 1091 187 1136 rursus⁴)
226 1092 353 1124 animae
388 1094 564 1135 generatf’)
601 1103 633 1125 et
668 1093 863 1132 elationem,
902 1102 934 1124 et
970 1093 1078 1124 denuo
1112 1091 1141 1123 ci

37 1166 132 1185 causa
162 1153 242 1196 fitfl)
266 1155 387 1187 ruinae.
436 1154 537 1197 Quod
567 1155 664 1187 etiam
696 1156 736 1187 de
768 1155 902 1187 diabolo
933 1153 1140 1186 sentiendum

38 1225 105 1254 est,
142 1215 242 1260 qui⁷)
267 1215 427 1260 primatus
451 1229 527 1248 suos
551 1217 737 1260 proprios,⁴
761 1226 795 1249 et
818 1229 884 1248 non
908 1229 924 1248 a
949 1216 1024 1247 Deo
1049 1216 1144 1247 datos

37 1276 134 1321 (121)
159 1289 228 1309 esse
254 1277 412 1317 credidit,
443 1291 525 1322 quos
554 1278 695 1310 habebnt
717 1287 795 1310 tunc
819 1290 892 1309 cum
917 1275 1144 1308 immaculatus

38 1347 125 1379 erat3
163 1340 240 1382 etss)
271 1338 407 1382 impleta
439 1348 486 1371 est
516 1339 548 1370 in
579 1352 619 1371 eo
651 1340 706 1371 illa
736 1338 912 1378 sententia,
948 1351 1030 1382 quae
1055 1337 1144 1376 dicit,

39 1400 131 1445 quod
144 1401 176 1444 ⁹)
203 1400 331 1440 „omnis
355 1399 411 1445 qui
434 1414 467 1433 se
491 1401 620 1441 exaltat,
645 1401 900 1433 humiliabitui·.“
949 1400 1046 1433 Unde
1063 1398 1144 1431 mihi

39 1463 186 1501 videtur,
225 1463 314 1506 quod
344 1461 421 1494 ideo
454 1463 683 1507 occuitata¹⁰)
715 1462 779 1494 sint
814 1462 1083 1506 prudentioribus
1113 1470 1144 1493 et

38 1523 293 1568 sapientioribus
320 1523 429 1556 diviua
459 1524 630 1570 mysteria,
663 1524 945 1569 quemadmodum
974 1523 1145 1567 Scriptura

136 1700 167 1741 ¹)
192 1701 240 1732 lta
262 1700 341 1733 Mss.
368 1702 458 1734 libri
483 1702 562 1734 editi
588 1704 634 1746 (v.
661 1716 686 1734 e.
712 1703 787 1735 edd.
814 1703 877 1746 Μ.)
906 1703 963 1734 »ad
988 1701 1146 1733 beneficia

46 1745 274 1788 consequenda
296 1759 357 1789 per
380 1747 579 1780 desiderium
604 1747 780 1780 κθηενίηῑμ(
808 1748 846 1779 R.

137 1802 169 1843 ²)
194 1800 284 1832 Libri
308 1801 387 1833 editi
411 1803 457 1845 (v.
481 1816 507 1834 c.
526 1803 600 1835 edd.
615 1803 679 1845 M.)
708 1816 791 1834 »nou
817 1802 918 1844 egerit
941 1801 1056 1843 gratias
1080 1815 1147 1833 mt-

48 1845 142 1884 dico,
176 1845 333 1888 quoniam
356 1859 422 1878 non
444 1847 535 1891 prius
560 1848 742 1891 periculum
766 1847 815 1880 sui
839 1847 1005 1888 languoris
1028 1860 1149 1889 cogno-

48 1900 103 1923 vit
109 1894 126 1910 “
175 1890 251 1921 Mss.
275 1900 311 1922 ut
335 1891 368 1923 in
392 1901 505 1924 nostro
529 1901 627 1925 textu.
653 1894 691 1925 l'.
742 1895 774 1936 3)
802 1894 862 1925 Ed.
887 1893 934 1925 Μ.
960 1892 999 1926 ΙΙ.
1024 1892 1147 1936 „quis.“

140 1946 173 1989 α)
196 1946 245 1978 Ita
277 1946 355 1978 Mss.
387 1948 421 1978 ln
451 1947 546 1979 editis
577 1949 623 1991 (v.
649 1962 676 1981 c.
700 1949 775 1981 edd.
799 1949 863 1991 Μ.)
889 1949 1007 1980 desunt
1035 1950 1149 1981 veiha:

52 2004 181 2023 ›tursus
205 1990 341 2023 animae
347 1995 363 2010 “
390 1991 428 2024 R.

142 2048 173 2090 ⁵)
200 2047 285 2080 Edd
311 2046 358 2079 M.
385 2057 546 2087 „genera
553 2052 569 2068 ‘⁶
685 2049 720 2092 ⁶)
745 2048 828 2080 Edd
852 2049 899 2081 M.
927 2049 998 2082 »sit.
1004 2053 1020 2069 “

141 2103 175 2146 ⁷)
201 2102 256 2136 Sic
283 2102 359 2135 Mss.
386 2102 476 2134 Libri
500 2103 579 2135 editi
616 2105 661 2147 (x.
687 2118 712 2135 c.
737 2105 811 2136 edd.
836 2105 898 2149 M.)
932 2105 1009 2150 „qui
1039 2106 1153 2151 piimi-

53 2159 103 2181 tus
128 2148 272 2180 honores
295 2161 372 2179 suos
396 2148 570 2191 proprios“
597 2158 659 2181 etc.
684 2149 722 2181 R.

142 2204 175 2247 8)
200 2204 263 2236 Ed.
287 2203 335 2235 M.
362 2204 383 2234 Ι.
411 2213 463 2245 „et
486 2204 665 2248 adimpleta
690 2215 756 2237 εει(
783 2214 844 2240 etc.

146 2260 179 2303 ⁹)
203 2261 282 2292 Luc.
306 2260 425 2299 XVlll‚
452 2260 502 2293 14.

129 2317 180 2360 ¹⁰)
203 2316 266 2349 Ed.
291 2316 339 2349 M.
365 2316 386 2350 Ι.
415 2317 567 2356 „occulta
591 2317 654 2350 sint
676 2330 692 2350 a
716 2317 1002 2361 prudentioribus«
1030 2330 1089 2352 etc.
