1404 2463
169 102 236 138 378
640 113 685 137 Ex
706 104 885 138 Omenms

169 195 269 236 μένῳ
307 191 344 226 τὸ
387 190 553 237 ἀγαθὸν,
590 192 756 238 Ἰουδαίῳ
787 206 823 227 τε
864 194 1010 237 πρῶτον
1044 196 1105 227 καὶ
1129 191 1310 236 ‘'EI-invem

171 256 300 298 Μυρία
330 254 401 298 μὲν
431 247 499 288 οὖν
529 254 628 288 ἐστιν
661 254 702 288 ἐν
725 257 800 293 ταῖς
825 257 989 299 γραφαῖς
1013 252 1160 299 σφόδρα
1185 255 1314 299 σαφῶς

170 317 403 360 παριστῶντα
422 315 453 359 ¹)
480 314 519 350 τὸ
547 314 791 354 αὐτεξούσιον.

266 377 297 411 7.
342 377 447 412 Ἐπεὶ
479 377 518 412 δὲ
553 379 602 415 εἷς
633 376 672 412 τὸ
705 378 885 419 ἐναντίον,
919 379 1075 410 τουτέστι
1109 374 1148 410 τὸ
1179 374 1230 420 μῆ
1257 375 1312 420 ἐφ’

171 436 262 482 ἡμῖν
292 436 495 483 τυγχάνειν
531 442 653 484 τηρεῖν
675 438 738 477 τὰς
763 438 912 476 ἐντολάς
937 440 997 471 καὶ
1023 436 1221 480 σώζεσθαι,
1254 439 1315 470 καὶ

170 499 211 534 τὸ
243 503 487 544 παραβαίνειν
523 498 636 538 αὐτάς
659 502 721 534 καὶ
746 499 998 541 ἀπόλλυσθαι,
1032 499 1199 542 περισπᾷ
1226 494 1315 542 ῥητά

172 574 252 595 τινα
279 559 352 595 ἀπὸ
378 563 440 604 τῆς
465 563 624 600 παλαιᾶς
647 563 710 595 καὶ
735 563 795 604 τῆς
812 563 957 603 καινῆς·
985 564 1072 606 ([έρε
1091 558 1164 594 ἀπὸ
1181 562 1317 603 μέρους

172 624 234 656 καὶ
258 622 298 656 ἐκ
322 621 461 657 τούτων
490 625 742 667 παραθέμενοι
766 621 991 666 θεασώμεθα
1016 620 1140 655 αὐτῶν
1162 619 1226 659 τὰς
1249 619 1317 654 λύ-

173 695 265 724 σεις,
289 685 350 717 ἵνα
377 683 438 728 ἀφ’
470 677 522 718 ὧν
546 687 848 728 παρατιθέμεθα,
875 683 966 717 κατὰ
992 681 1031 716 τό
1057 681 1190 727 ὅμοιον
1214 682 1316 716 ἐκλε-

172 743 327 790 ξάμενός
350 758 401 784 τις
424 744 540 789 ἑαυτῷ
565 744 685 779 πάντα
711 744 753 779 τὰ
779 745 960 779 δοκοῦντα
986 743 1153 789 ἀναιρεῖν
1177 742 1217 778 τὸ
1242 741 1313 777 αὑ-

172 804 382 849 τεξοὺσιον,
420 806 663 850 ἒπισκέψηται
696 806 737 841 τὰ
773 808 857 851 περὶ
885 805 991 849 τῆςῖ)
1023 803 1159 843 λύσεως
1184 803 1316 838 αὐτῶν.

173 869 248 901 Καὶ
276 865 321 909 δὴ
348 865 506 904 πολλοὺς
530 870 694 908 κεκίνηκε
718 865 761 900 u}
787 868 870 911 περὶ
886 866 919 907 ³)
944 867 1009 899 τοῦ
1038 864 1198 911 Φαραώ,
1233 867 1318 911 περὶ

175 921 219 962 οὗ
239 930 473 972 χρηματίζων
498 925 516 962 ὁ
542 926 627 966 θεός
653 939 786 973 φησιν·
813 926 905 971 »ἐγώ
924 927 956 971 ⁴)
983 928 1022 962 δὲ
1047 928 1235 972 σκληρυνῶ
1252 925 1319 969 τὴν
1364 956 1368 963 ,,

175 989 333 1034 καρδίαν
361 986 550 1034 Φαριιώ’«
583 988 787 1028 πλεονάκις.
835 992 882 1023 Εἰ
906 987 978 1034 γὰρ
1005 988 1104 1034 (114)
1129 986 1202 1022 ὑπὸ
1227 989 1316 1023 θεοῦ

175 1048 431 1096 σκληρύνεται,
458 1052 520 1084 καὶ
545 1049 606 1085 διά
632 1049 672 1085 τὸ
700 1049 967 1096 σκληρύνεσθαι
993 1047 1217 1095 ἁμαρτάνει,
1252 1049 1318 1084 οὐκ

176 1111 284 1150 αὐτὸς
315 1111 430 1156 ἑαυτῷ
463 1113 524 1155 τῆς
556 1110 734 1157 ἁμαρτίας
766 1116 893 1151 αἴτιος·
936 1114 967 1147 εἰ
999 1112 1040 1147 δὲ
1071 1113 1196 1154 τοῦτο,
1232 1110 1318 1146 οὐδὲ

176 1171 405 1212 αὐτεξούσιος
432 1171 450 1207 ὁ
479 1172 632 1218 Φαραώ.
669 1177 743 1208 Καὶ
762 1173 869 1220 φήσει
888 1187 949 1217 τις,
978 1171 1031 1208 ὅτι
1048 1174 1089 1208 ἐκ
1107 1174 1169 1207 τοῦ
1187 1172 1319 1215 ὁμοίου

178 1237 212 1270 οἱ
250 1233 499 1279 ἀπολλύμενοι
539 1235 604 1270 οὐκ
643 1235 887 1279 αὐτεξούσιοι,
939 1234 1025 1270 οὐδὲ
1063 1233 1147 1280 παρ’
1182 1234 1321 1268 ἑαυτῶν

177 1296 417 1331 ἀπολοῦνται.
471 1298 547 1330 Καὶ
571 1297 611 1331 ἐν
642 1299 691 1343 τῷ
714 1296 923 1341 ’[εζεκιὴλό)
956 1296 995 1331 δὲ
1028 1293 1231 1341 λεγόμενον
1259 1293 1319 1330 τό·

178 1359 354 1402 »ἐξε).ιῦ6)
380 1358 500 1392 αὐτῶν
525 1357 589 1397 τιὲς
612 1361 756 1398 λιθίνας
781 1359 948 1404 καρδίας,
973 1359 1035 1392 καὶ
1060 1358 1207 1401 ἐμβαλῶ
1227 1369 1319 1402 σαρ-

177 1423 292 1461 κίνας,
320 1417 418 1458 ὅπως
443 1420 483 1453 ἓν
508 1424 581 1458 τοῖς
610 1420 874 1465 προστάγμασί
894 1433 968 1463 μου
992 1418 1232 1463 πορεύωνται,
1259 1420 1321 1452 καὶ

177 1481 219 1516 u}
252 1480 481 1523 δικαιώματά
513 1495 588 1527 μου
627 1482 894 1527 ᾳυλάσσωσι·«
933 1479 1077 1524 κινήσαι
1101 1477 1149 1514 ἄν
1169 1492 1249 1515 τινα
1275 1478 1321 1518 ὡς

178 1545 240 1578 τοῦ
266 1544 354 1578 θεοῦ
381 1543 547 1582 διδόντος
571 1542 611 1578 τὸ
636 1542 857 1588 πορεύεσθαι
885 1544 924 1577 ἐν
949 1547 1025 1581 ταῖς
1049 1543 1232 1584 ἐντολαῖς,
1258 1542 1318 1574 καὶ

177 1603 381 1651 φυλάσσειν
405 1604 446 1638 τὰ
472 1603 719 1650 δικαιώματα,
752 1607 793 1640 ἓν
818 1607 868 1651 τῷ
895 1603 933 1639 τὸ
960 1604 1160 1649 ἐμποδίζον
1185 1601 1321 1650 ὑπεξῃ-

177 1670 336 1713 ρηκέναι,
363 1666 428 1709 τὴν
451 1668 598 1709 λιθίνην
622 1667 791 1712 καρδίαν,
818 1669 880 1700 καὶ
907 1665 945 1700 τὸ
973 1669 1135 1711 κρεῖττον
1159 1665 1320 1699 ἐντεθει-

179 1731 300 1771 κέναι,
333 1727 398 1771 τὴν
430 1731 617 1773 σαρκίνην.
658 1724 815 1772 Ἴδωμεν
839 1728 878 1762 δὲ
905 1730 966 1761 καὶ
990 1725 1030 1762 τὸ
1056 1727 1096 1761 ἐκ
1120 1727 1182 1761 τοῦ
1207 1724 1321 1769 εὐαγ-

274 1862 305 1905 Ι)
331 1861 388 1894 Sic
412 1861 494 1894 Mss.
518 1861 612 1894 Editi
635 1862 681 1906 (v.
708 1874 735 1894 c.
760 1862 837 1895 edd.
855 1860 969 1895 Tar-in.
996 1870 1029 1894 et
1045 1860 1187 1905 Spenc.)
1207 1873 1319 1904 παρι-

179 1904 321 1941 στάντα.
348 1906 391 1939 R.

271 1963 306 2006 ²)
332 1961 389 1995 Sic
422 1961 502 1993 Mss.
535 1961 573 1993 In
605 1961 704 1994 editis
735 1962 786 2005 (v,
820 1975 847 1996 e.
882 1962 958 1994 edd.
982 1961 1096 1994 Tarin.
1121 1970 1155 1993 et
1177 1959 1321 2004 Speuc.)

180 2008 274 2039 deest
297 2008 367 2048 τῆς.
393 2006 433 2038 R.

274 2062 307 2104 ³)
334 2061 391 2094 Sic
416 2061 495 2093 Mss.
523 2060 656 2104 (itemq.
683 2062 759 2095 edd.
782 2062 895 2097 Tarin.
922 2072 955 2095 et
972 2062 1115 2107 Spenc.)
1139 2060 1233 2094 Editi
1257 2058 1319 2104 (?)

182 2120 280 2138 vcro:
307 2109 390 2148 περὶ
415 2105 479 2139 τὸν
502 2107 651 2148 Φαραώ.
677 2107 717 2139 R.

277 2161 309 2204 4)
335 2160 442 2192 Exod.
471 2161 528 2200 IV,
553 2161 606 2196 21.
634 2162 716 2196 coll.
743 2163 816 2203 VH,
840 2163 872 2198 3.

277 2216 310 2259 ⁵)
335 2215 422 2248 Edd.
449 2215 562 2249 Tarin.
591 2227 621 2250 et
648 2219 773 2262 Spcnc.
796 2218 968 2264 ’[εζεχιήλ.

275 2272 309 2315 ⁶)
334 2272 403 2304 Cfr.
429 2271 549 2305 Ezech.
576 2273 637 2316 ΧΙ,
665 2274 716 2309 19.
741 2275 796 2311 20.
