<?xml version="1.0" encoding="UTF-8"?>
<!DOCTYPE html PUBLIC "-//W3C//DTD XHTML 1.0 Transitional//EN"
    "http://www.w3.org/TR/xhtml1/DTD/xhtml1-transitional.dtd">
<html xmlns="http://www.w3.org/1999/xhtml" xml:lang="en" lang="en">
 <head>
  <title>
</title>
<meta http-equiv="Content-Type" content="text/html;charset=utf-8" />
  <meta name='ocr-system' content='tesseract 3.04.00' />
  <meta name='ocr-capabilities' content='ocr_page ocr_carea ocr_par ocr_line ocrx_word'/>
</head>
<body>
  <div class='ocr_page' id='page_1' title='image "./operaomniaquaegr21orig_0459.png"; bbox 0 0 1404 2463; ppageno 0'>
   <div class='ocr_carea' id='block_1_1' title="bbox 406 133 1202 169">
    <p class='ocr_par' dir='ltr' id='par_1_1' title="bbox 406 133 1202 169">
     <span class='ocr_line' id='line_1_1' title="bbox 406 133 1202 169; baseline 0.001 -2"><span class='ocrx_word' id='word_1_1' title='bbox 406 144 452 167; x_wconf 81' lang='lat' dir='ltr'><strong>m:</strong></span> <span class='ocrx_word' id='word_1_2' title='bbox 477 133 672 168; x_wconf 71' lang='lat' dir='ltr'><strong>ancxpns</strong></span> <span class='ocrx_word' id='word_1_3' title='bbox 696 135 770 168; x_wconf 79' lang='lat' dir='ltr'><strong>Lm.</strong></span> <span class='ocrx_word' id='word_1_4' title='bbox 796 134 854 169; x_wconf 87' lang='lat' dir='ltr'><strong>lv.</strong></span> <span class='ocrx_word' id='word_1_5' title='bbox 1135 134 1202 168; x_wconf 75' lang='lat'><strong>445</strong></span> 
     </span>
    </p>
   </div>
   <div class='ocr_carea' id='block_1_2' title="bbox 20 222 1201 1611">
    <p class='ocr_par' dir='ltr' id='par_1_2' title="bbox 62 222 1201 561">
     <span class='ocr_line' id='line_1_2' title="bbox 65 222 1199 265; baseline 0 -9"><span class='ocrx_word' id='word_1_6' title='bbox 65 235 136 256; x_wconf 83' lang='lat' dir='ltr'><strong>esse</strong></span> <span class='ocrx_word' id='word_1_7' title='bbox 159 222 344 256; x_wconf 74' lang='lat' dir='ltr'><strong>secundum</strong></span> <span class='ocrx_word' id='word_1_8' title='bbox 370 223 517 263; x_wconf 81' lang='lat' dir='ltr'>literam,</span> <span class='ocrx_word' id='word_1_9' title='bbox 539 236 580 256; x_wconf 82' lang='lat' dir='ltr'><strong>an</strong></span> <span class='ocrx_word' id='word_1_10' title='bbox 604 223 714 256; x_wconf 75' lang='lat' dir='ltr'><strong>miuus</strong></span> <span class='ocrx_word' id='word_1_11' title='bbox 738 236 832 265; x_wconf 85' lang='lat' dir='ltr'><strong>vera;</strong></span> <span class='ocrx_word' id='word_1_12' title='bbox 865 232 898 255; x_wconf 91' lang='lat' dir='ltr'><strong>et</strong></span> <span class='ocrx_word' id='word_1_13' title='bbox 921 222 1008 256; x_wconf 84' lang='lat' dir='ltr'><strong>illud</strong></span> <span class='ocrx_word' id='word_1_14' title='bbox 1036 224 1088 257; x_wconf 79' lang='lat' dir='ltr'><strong>vel</strong></span> <span class='ocrx_word' id='word_1_15' title='bbox 1112 223 1199 256; x_wconf 86' lang='lat' dir='ltr'><strong>illud</strong></span> 
     </span>
     <span class='ocr_line' id='line_1_3' title="bbox 64 284 1201 329; baseline 0 -12"><span class='ocrx_word' id='word_1_16' title='bbox 64 294 304 329; x_wconf 79' lang='lat' dir='ltr'><strong>prae-ceptum,</strong></span> <span class='ocrx_word' id='word_1_17' title='bbox 343 293 459 317; x_wconf 85' lang='lat' dir='ltr'><strong>utrum</strong></span> <span class='ocrx_word' id='word_1_18' title='bbox 491 284 677 316; x_wconf 85' lang='lat' dir='ltr'><strong>secundum</strong></span> <span class='ocrx_word' id='word_1_19' title='bbox 709 284 840 318; x_wconf 76' lang='lat' dir='ltr'>literam</span> <span class='ocrx_word' id='word_1_20' title='bbox 871 284 1115 318; x_wconf 78' lang='lat' dir='ltr'><strong>observandum</strong></span> <span class='ocrx_word' id='word_1_21' title='bbox 1145 284 1201 327; x_wconf 74' lang='lat' dir='ltr'><strong>sit,</strong></span> 
     </span>
     <span class='ocr_line' id='line_1_4' title="bbox 63 335 1201 390; baseline 0.001 -12"><span class='ocrx_word' id='word_1_22' title='bbox 63 357 125 378; x_wconf 88' lang='lat' dir='ltr'><strong>nec</strong></span> <span class='ocrx_word' id='word_1_23' title='bbox 148 358 203 380; x_wconf 86' lang='lat' dir='ltr'><strong>ne.</strong></span> <span class='ocrx_word' id='word_1_24' title='bbox 249 346 397 390; x_wconf 80' lang='lat' dir='ltr'><strong>Propter</strong></span> <span class='ocrx_word' id='word_1_25' title='bbox 429 345 521 389; x_wconf 84' lang='lat' dir='ltr'><strong>quod</strong></span> <span class='ocrx_word' id='word_1_26' title='bbox 545 345 654 377; x_wconf 84' lang='lat' dir='ltr'><strong>multo</strong></span> <span class='ocrx_word' id='word_1_27' title='bbox 679 345 794 378; x_wconf 81' lang='lat' dir='ltr'><strong>studio</strong></span> <span class='ocrx_word' id='word_1_28' title='bbox 820 358 857 378; x_wconf 85' lang='lat' dir='ltr'><strong>ac</strong></span> <span class='ocrx_word' id='word_1_29' title='bbox 881 346 999 378; x_wconf 79' lang='lat' dir='ltr'><strong>labore</strong></span> <span class='ocrx_word' id='word_1_30' title='bbox 1021 335 1201 379; x_wconf 74' lang='lat' dir='ltr'><strong>nitendum</strong></span> 
     </span>
     <span class='ocr_line' id='line_1_5' title="bbox 65 406 1199 451; baseline 0.001 -12"><span class='ocrx_word' id='word_1_31' title='bbox 65 416 134 447; x_wconf 81' lang='lat' dir='ltr'><strong>est,</strong></span> <span class='ocrx_word' id='word_1_32' title='bbox 167 416 329 451; x_wconf 84' lang='lat' dir='ltr'><strong>quatenus</strong></span> <span class='ocrx_word' id='word_1_33' title='bbox 361 406 590 451; x_wconf 82' lang='lat' dir='ltr'><strong>unusquisque</strong></span> <span class='ocrx_word' id='word_1_34' title='bbox 615 407 798 448; x_wconf 79' lang='lat' dir='ltr'><strong>legentium</strong></span> <span class='ocrx_word' id='word_1_35' title='bbox 826 421 902 440; x_wconf 86' lang='lat' dir='ltr'><strong>cum</strong></span> <span class='ocrx_word' id='word_1_36' title='bbox 927 407 1020 440; x_wconf 88' lang='lat' dir='ltr'><strong>omni</strong></span> <span class='ocrx_word' id='word_1_37' title='bbox 1043 420 1199 440; x_wconf 85' lang='lat' dir='ltr'><strong>reveren-</strong></span> 
     </span>
     <span class='ocr_line' id='line_1_6' title="bbox 62 466 1198 513; baseline 0.002 -13"><span class='ocrx_word' id='word_1_38' title='bbox 62 468 110 500; x_wconf 80' lang='lat' dir='ltr'><strong>tia</strong></span> <span class='ocrx_word' id='word_1_39' title='bbox 131 466 296 509; x_wconf 77' lang='lat' dir='ltr'><strong>intelligat</strong></span> <span class='ocrx_word' id='word_1_40' title='bbox 319 479 355 500; x_wconf 87' lang='lat' dir='ltr'><strong>se</strong></span> <span class='ocrx_word' id='word_1_41' title='bbox 380 467 510 506; x_wconf 80' lang='lat' dir='ltr'><strong>divina,</strong></span> <span class='ocrx_word' id='word_1_42' title='bbox 534 479 604 499; x_wconf 91' lang='lat' dir='ltr'><strong>non</strong></span> <span class='ocrx_word' id='word_1_43' title='bbox 629 466 772 500; x_wconf 78' lang='lat' dir='ltr'><strong>humana</strong></span> <span class='ocrx_word' id='word_1_44' title='bbox 796 468 897 501; x_wconf 86' lang='lat' dir='ltr'><strong>verba</strong></span> <span class='ocrx_word' id='word_1_45' title='bbox 921 477 1082 510; x_wconf 78' lang='lat' dir='ltr'><strong>tractare,</strong></span> <span class='ocrx_word' id='word_1_46' title='bbox 1112 481 1198 513; x_wconf 86' lang='lat' dir='ltr'><strong>quae</strong></span> 
     </span>
     <span class='ocr_line' id='line_1_7' title="bbox 63 527 561 561; baseline -0.002 0"><span class='ocrx_word' id='word_1_47' title='bbox 63 528 182 561; x_wconf 74' lang='lat' dir='ltr'><strong>sanctis</strong></span> <span class='ocrx_word' id='word_1_48' title='bbox 207 528 302 561; x_wconf 82' lang='lat' dir='ltr'><strong>libris</strong></span> <span class='ocrx_word' id='word_1_49' title='bbox 325 527 448 560; x_wconf 81' lang='lat' dir='ltr'><strong>inserta</strong></span> <span class='ocrx_word' id='word_1_50' title='bbox 472 536 561 560; x_wconf 79' lang='lat' dir='ltr'><strong>sunt.</strong></span> 
     </span>
    </p>

    <p class='ocr_par' dir='ltr' id='par_1_3' title="bbox 61 588 1198 753">
     <span class='ocr_line' id='line_1_8' title="bbox 149 588 1198 634; baseline 0 -10"><span class='ocrx_word' id='word_1_51' title='bbox 149 589 205 624; x_wconf 85' lang='lat'><strong>20.</strong></span> <span class='ocrx_word' id='word_1_52' title='bbox 251 589 322 623; x_wconf 88' lang='lat' dir='ltr'><strong>Nos</strong></span> <span class='ocrx_word' id='word_1_53' title='bbox 339 589 369 633; x_wconf 88' lang='lat'><strong>¹)</strong></span> <span class='ocrx_word' id='word_1_54' title='bbox 397 601 475 630; x_wconf 83' lang='lat' dir='ltr'><strong>ergo</strong></span> <span class='ocrx_word' id='word_1_55' title='bbox 510 601 610 632; x_wconf 85' lang='lat' dir='ltr'><strong>quam</strong></span> <span class='ocrx_word' id='word_1_56' title='bbox 637 588 788 622; x_wconf 86' lang='lat' dir='ltr'><strong>videmus</strong></span> <span class='ocrx_word' id='word_1_57' title='bbox 812 589 845 622; x_wconf 88' lang='lat' dir='ltr'><strong>in</strong></span> <span class='ocrx_word' id='word_1_58' title='bbox 871 589 1100 634; x_wconf 72' lang='lat' dir='ltr'><strong>Scripturi32)</strong></span> <span class='ocrx_word' id='word_1_59' title='bbox 1124 603 1198 624; x_wconf 81' lang='lat' dir='ltr'><strong>san-</strong></span> 
     </span>
     <span class='ocr_line' id='line_1_9' title="bbox 62 649 1198 694; baseline 0.002 -12"><span class='ocrx_word' id='word_1_60' title='bbox 62 649 123 682; x_wconf 81' lang='lat' dir='ltr'><strong>ctis</strong></span> <span class='ocrx_word' id='word_1_61' title='bbox 155 650 254 692; x_wconf 79' lang='lat' dir='ltr'><strong>digne</strong></span> <span class='ocrx_word' id='word_1_62' title='bbox 286 658 320 682; x_wconf 86' lang='lat' dir='ltr'><strong>et</strong></span> <span class='ocrx_word' id='word_1_63' title='bbox 351 650 642 694; x_wconf 77' lang='lat' dir='ltr'><strong>consequenter3)</strong></span> <span class='ocrx_word' id='word_1_64' title='bbox 668 650 837 683; x_wconf 81' lang='lat' dir='ltr'><strong>observari</strong></span> <span class='ocrx_word' id='word_1_65' title='bbox 861 651 985 684; x_wconf 85' lang='lat' dir='ltr'><strong>debere</strong></span> <span class='ocrx_word' id='word_1_66' title='bbox 1008 651 1198 694; x_wconf 82' lang='lat' dir='ltr'><strong>intelligen-</strong></span> 
     </span>
     <span class='ocr_line' id='line_1_10' title="bbox 61 710 705 753; baseline 0 -10"><span class='ocrx_word' id='word_1_67' title='bbox 61 710 154 751; x_wconf 78' lang='lat' dir='ltr'><strong>tiam,</strong></span> <span class='ocrx_word' id='word_1_68' title='bbox 179 710 376 753; x_wconf 71' lang='lat' dir='ltr'><strong>huiusmodi</strong></span> <span class='ocrx_word' id='word_1_69' title='bbox 401 723 472 743; x_wconf 86' lang='lat' dir='ltr'><strong>esse</strong></span> <span class='ocrx_word' id='word_1_70' title='bbox 495 710 705 744; x_wconf 80' lang='lat' dir='ltr'><strong>arbitramur.</strong></span> 
     </span>
    </p>

    <p class='ocr_par' dir='ltr' id='par_1_4' title="bbox 20 771 1196 1611">
     <span class='ocr_line' id='line_1_11' title="bbox 151 771 1196 818; baseline 0.003 -14"><span class='ocrx_word' id='word_1_71' title='bbox 151 772 299 805; x_wconf 79' lang='lat' dir='ltr'><strong>Gentem</strong></span> <span class='ocrx_word' id='word_1_72' title='bbox 314 771 348 816; x_wconf 63' lang='grc'><strong>4)</strong></span> <span class='ocrx_word' id='word_1_73' title='bbox 381 771 548 816; x_wconf 82' lang='lat' dir='ltr'><strong>quandam</strong></span> <span class='ocrx_word' id='word_1_74' title='bbox 584 772 779 816; x_wconf 79' lang='lat' dir='ltr'><strong>praedicant</strong></span> <span class='ocrx_word' id='word_1_75' title='bbox 815 785 915 817; x_wconf 82' lang='lat' dir='ltr'><strong>super</strong></span> <span class='ocrx_word' id='word_1_76' title='bbox 953 773 1054 818; x_wconf 83' lang='lat'>(182)</span> <span class='ocrx_word' id='word_1_77' title='bbox 1090 783 1196 808; x_wconf 80' lang='lat' dir='ltr'><strong>terras</strong></span> 
     </span>
     <span class='ocr_line' id='line_1_12' title="bbox 61 832 1196 879; baseline 0.003 -14"><span class='ocrx_word' id='word_1_78' title='bbox 61 832 192 866; x_wconf 81' lang='lat' dir='ltr'><strong>divinae</strong></span> <span class='ocrx_word' id='word_1_79' title='bbox 215 833 332 866; x_wconf 79' lang='lat' dir='ltr'><strong>literae</strong></span> <span class='ocrx_word' id='word_1_80' title='bbox 357 832 499 865; x_wconf 77' lang='lat' dir='ltr'>electam</span> <span class='ocrx_word' id='word_1_81' title='bbox 515 833 549 876; x_wconf 88' lang='lat'><strong>⁵)</strong></span> <span class='ocrx_word' id='word_1_82' title='bbox 574 845 644 865; x_wconf 87' lang='lat' dir='ltr'><strong>esse</strong></span> <span class='ocrx_word' id='word_1_83' title='bbox 670 845 687 866; x_wconf 80' lang='lat' dir='ltr'>a</span> <span class='ocrx_word' id='word_1_84' title='bbox 709 833 804 873; x_wconf 90' lang='lat' dir='ltr'><strong>Deo,</strong></span> <span class='ocrx_word' id='word_1_85' title='bbox 829 846 929 878; x_wconf 71' lang='lat' dir='ltr'><strong>quam</strong></span> <span class='ocrx_word' id='word_1_86' title='bbox 954 835 1108 879; x_wconf 84' lang='lat' dir='ltr'><strong>plurimis</strong></span> <span class='ocrx_word' id='word_1_87' title='bbox 1132 849 1196 868; x_wconf 88' lang='lat' dir='ltr'><strong>no·-</strong></span> 
     </span>
     <span class='ocr_line' id='line_1_13' title="bbox 59 893 1196 939; baseline 0.003 -13"><span class='ocrx_word' id='word_1_88' title='bbox 59 894 209 927; x_wconf 86' lang='lat' dir='ltr'><strong>minibus</strong></span> <span class='ocrx_word' id='word_1_89' title='bbox 232 894 506 939; x_wconf 80' lang='lat' dir='ltr'><strong>appellaverunt:</strong></span> <span class='ocrx_word' id='word_1_90' title='bbox 531 893 701 926; x_wconf 78' lang='lat' dir='ltr'><strong>interdum</strong></span> <span class='ocrx_word' id='word_1_91' title='bbox 728 895 816 928; x_wconf 85' lang='lat' dir='ltr'><strong>enim</strong></span> <span class='ocrx_word' id='word_1_92' title='bbox 841 895 994 928; x_wconf 79' lang='lat' dir='ltr'><strong>universa</strong></span> <span class='ocrx_word' id='word_1_93' title='bbox 1018 896 1099 929; x_wconf 79' lang='lat' dir='ltr'><strong>haec</strong></span> <span class='ocrx_word' id='word_1_94' title='bbox 1115 909 1196 938; x_wconf 83' lang='lat' dir='ltr'><strong>gens</strong></span> 
     </span>
     <span class='ocr_line' id='line_1_14' title="bbox 59 954 1195 999; baseline 0.004 -13"><span class='ocrx_word' id='word_1_95' title='bbox 59 954 160 988; x_wconf 81' lang='lat' dir='ltr'><strong>Israel</strong></span> <span class='ocrx_word' id='word_1_96' title='bbox 195 955 335 994; x_wconf 87' lang='lat' dir='ltr'><strong>dicitur,</strong></span> <span class='ocrx_word' id='word_1_97' title='bbox 375 954 545 987; x_wconf 69' lang='lat' dir='ltr'><strong>interdum</strong></span> <span class='ocrx_word' id='word_1_98' title='bbox 574 955 700 995; x_wconf 84' lang='lat' dir='ltr'><strong>Jac0b;</strong></span> <span class='ocrx_word' id='word_1_99' title='bbox 739 964 772 988; x_wconf 85' lang='lat' dir='ltr'><strong>et</strong></span> <span class='ocrx_word' id='word_1_100' title='bbox 804 955 948 988; x_wconf 78' lang='lat' dir='ltr'>maxime</span> <span class='ocrx_word' id='word_1_101' title='bbox 981 956 1086 990; x_wconf 77' lang='lat' dir='ltr'><strong>divisa</strong></span> <span class='ocrx_word' id='word_1_102' title='bbox 1116 970 1195 999; x_wconf 83' lang='lat' dir='ltr'><strong>gens</strong></span> 
     </span>
     <span class='ocr_line' id='line_1_15' title="bbox 57 1015 1195 1061; baseline 0.003 -13"><span class='ocrx_word' id='word_1_103' title='bbox 57 1015 128 1060; x_wconf 77' lang='lat' dir='ltr'><strong>ipsa</strong></span> <span class='ocrx_word' id='word_1_104' title='bbox 154 1017 219 1061; x_wconf 61' lang='grc' dir='ltr'><strong>αὖ)</strong></span> <span class='ocrx_word' id='word_1_105' title='bbox 244 1017 432 1049; x_wconf 82' lang='lat' dir='ltr'><strong>Jeroboam</strong></span> <span class='ocrx_word' id='word_1_106' title='bbox 456 1015 530 1047; x_wconf 73' lang='lat' dir='ltr'><strong>sulio</strong></span> <span class='ocrx_word' id='word_1_107' title='bbox 556 1015 675 1048; x_wconf 76' lang='lat' dir='ltr'><strong>Nabad</strong></span> <span class='ocrx_word' id='word_1_108' title='bbox 698 1015 732 1048; x_wconf 87' lang='lat' dir='ltr'><strong>in</strong></span> <span class='ocrx_word' id='word_1_109' title='bbox 757 1017 838 1050; x_wconf 84' lang='lat' dir='ltr'><strong>duas</strong></span> <span class='ocrx_word' id='word_1_110' title='bbox 862 1026 973 1061; x_wconf 80' lang='lat' dir='ltr'><strong>partes</strong></span> <span class='ocrx_word' id='word_1_111' title='bbox 999 1027 1058 1058; x_wconf 89' lang='lat' dir='ltr'><strong>est,</strong></span> <span class='ocrx_word' id='word_1_112' title='bbox 1083 1027 1118 1051; x_wconf 89' lang='lat' dir='ltr'><strong>et</strong></span> <span class='ocrx_word' id='word_1_113' title='bbox 1137 1020 1195 1051; x_wconf 86' lang='lat' dir='ltr'><strong>de-</strong></span> 
     </span>
     <span class='ocr_line' id='line_1_16' title="bbox 57 1077 1195 1123; baseline 0.002 -13"><span class='ocrx_word' id='word_1_114' title='bbox 57 1090 130 1110; x_wconf 81' lang='lat' dir='ltr'><strong>cem</strong></span> <span class='ocrx_word' id='word_1_115' title='bbox 165 1078 292 1118; x_wconf 82' lang='lat' dir='ltr'><strong>tribus,</strong></span> <span class='ocrx_word' id='word_1_116' title='bbox 333 1089 419 1122; x_wconf 82' lang='lat' dir='ltr'><strong>quae</strong></span> <span class='ocrx_word' id='word_1_117' title='bbox 455 1077 517 1109; x_wconf 88' lang='lat' dir='ltr'><strong>sub</strong></span> <span class='ocrx_word' id='word_1_118' title='bbox 550 1088 590 1108; x_wconf 86' lang='lat' dir='ltr'><strong>eo</strong></span> <span class='ocrx_word' id='word_1_119' title='bbox 623 1077 730 1110; x_wconf 79' lang='lat' dir='ltr'><strong>factae</strong></span> <span class='ocrx_word' id='word_1_120' title='bbox 760 1087 855 1118; x_wconf 88' lang='lat' dir='ltr'><strong>sunt,</strong></span> <span class='ocrx_word' id='word_1_121' title='bbox 896 1079 1087 1123; x_wconf 77' lang='lat' dir='ltr'>appellatae</span> <span class='ocrx_word' id='word_1_122' title='bbox 1117 1089 1195 1113; x_wconf 86' lang='lat' dir='ltr'><strong>sunt</strong></span> 
     </span>
     <span class='ocr_line' id='line_1_17' title="bbox 58 1137 1194 1182; baseline 0.003 -12"><span class='ocrx_word' id='word_1_123' title='bbox 58 1139 181 1179; x_wconf 81' lang='lat' dir='ltr'><strong>Israel,</strong></span> <span class='ocrx_word' id='word_1_124' title='bbox 215 1138 303 1172; x_wconf 77' lang='lat' dir='ltr'><strong>aliae</strong></span> <span class='ocrx_word' id='word_1_125' title='bbox 333 1151 414 1170; x_wconf 83' lang='lat' dir='ltr'><strong>vero</strong></span> <span class='ocrx_word' id='word_1_126' title='bbox 447 1138 553 1178; x_wconf 80' lang='lat' dir='ltr'><strong>duae,</strong></span> <span class='ocrx_word' id='word_1_127' title='bbox 592 1149 669 1169; x_wconf 88' lang='lat' dir='ltr'><strong>cum</strong></span> <span class='ocrx_word' id='word_1_128' title='bbox 693 1137 815 1182; x_wconf 88' lang='lat' dir='ltr'><strong>quibus</strong></span> <span class='ocrx_word' id='word_1_129' title='bbox 840 1148 910 1171; x_wconf 78' lang='lat' dir='ltr'><strong>erat</strong></span> <span class='ocrx_word' id='word_1_130' title='bbox 933 1139 1034 1172; x_wconf 82' lang='lat' dir='ltr'><strong>etiam</strong></span> <span class='ocrx_word' id='word_1_131' title='bbox 1058 1140 1194 1174; x_wconf 72' lang='lat' dir='ltr'><strong>levitica</strong></span> 
     </span>
     <span class='ocr_line' id='line_1_18' title="bbox 57 1198 1193 1244; baseline 0.002 -12"><span class='ocrx_word' id='word_1_132' title='bbox 57 1200 183 1240; x_wconf 81' lang='lat' dir='ltr'><strong>trihus,</strong></span> <span class='ocrx_word' id='word_1_133' title='bbox 223 1210 256 1233; x_wconf 90' lang='lat' dir='ltr'><strong>et</strong></span> <span class='ocrx_word' id='word_1_134' title='bbox 281 1213 338 1240; x_wconf 84' lang='lat' dir='ltr'><strong>ea,</strong></span> <span class='ocrx_word' id='word_1_135' title='bbox 380 1211 465 1244; x_wconf 76' lang='lat' dir='ltr'><strong>quae</strong></span> <span class='ocrx_word' id='word_1_136' title='bbox 495 1212 534 1231; x_wconf 82' lang='lat' dir='ltr'><strong>ex</strong></span> <span class='ocrx_word' id='word_1_137' title='bbox 558 1198 670 1231; x_wconf 79' lang='lat' dir='ltr'><strong>David</strong></span> <span class='ocrx_word' id='word_1_138' title='bbox 694 1198 786 1240; x_wconf 78' lang='lat' dir='ltr'><strong>regio</strong></span> <span class='ocrx_word' id='word_1_139' title='bbox 813 1212 933 1241; x_wconf 87' lang='lat' dir='ltr'><strong>genere</strong></span> <span class='ocrx_word' id='word_1_140' title='bbox 958 1201 1193 1243; x_wconf 78' lang='lat' dir='ltr'><strong>descendebat,</strong></span> 
     </span>
     <span class='ocr_line' id='line_1_19' title="bbox 55 1260 1193 1306; baseline 0.004 -13"><span class='ocrx_word' id='word_1_141' title='bbox 55 1260 161 1294; x_wconf 83' lang='lat' dir='ltr'><strong>Judas</strong></span> <span class='ocrx_word' id='word_1_142' title='bbox 184 1262 357 1294; x_wconf 76' lang='lat' dir='ltr'><strong>nominata</strong></span> <span class='ocrx_word' id='word_1_143' title='bbox 382 1270 442 1294; x_wconf 84' lang='lat' dir='ltr'><strong>est.</strong></span> <span class='ocrx_word' id='word_1_144' title='bbox 489 1260 656 1293; x_wconf 79' lang='lat' dir='ltr'><strong>Universa</strong></span> <span class='ocrx_word' id='word_1_145' title='bbox 681 1269 792 1293; x_wconf 81' lang='lat' dir='ltr'><strong>autem</strong></span> <span class='ocrx_word' id='word_1_146' title='bbox 818 1261 910 1301; x_wconf 85' lang='lat' dir='ltr'><strong>loca,</strong></span> <span class='ocrx_word' id='word_1_147' title='bbox 941 1275 1026 1306; x_wconf 84' lang='lat' dir='ltr'><strong>quae</strong></span> <span class='ocrx_word' id='word_1_148' title='bbox 1049 1263 1193 1297; x_wconf 77' lang='lat' dir='ltr'><strong>hahebat</strong></span> 
     </span>
     <span class='ocr_line' id='line_1_20' title="bbox 55 1322 1191 1368; baseline 0.003 -13"><span class='ocrx_word' id='word_1_149' title='bbox 55 1334 136 1364; x_wconf 78' lang='lat' dir='ltr'><strong>gens</strong></span> <span class='ocrx_word' id='word_1_150' title='bbox 159 1322 239 1362; x_wconf 82' lang='lat' dir='ltr'><strong>ista,</strong></span> <span class='ocrx_word' id='word_1_151' title='bbox 271 1335 356 1367; x_wconf 80' lang='lat' dir='ltr'><strong>quae</strong></span> <span class='ocrx_word' id='word_1_152' title='bbox 381 1334 399 1354; x_wconf 86' lang='lat' dir='ltr'>a</span> <span class='ocrx_word' id='word_1_153' title='bbox 423 1322 499 1355; x_wconf 92' lang='lat' dir='ltr'><strong>Deo</strong></span> <span class='ocrx_word' id='word_1_154' title='bbox 525 1330 718 1365; x_wconf 80' lang='lat' dir='ltr'><strong>acceperat,</strong></span> <span class='ocrx_word' id='word_1_155' title='bbox 746 1322 877 1354; x_wconf 78' lang='lat' dir='ltr'><strong>Judaea</strong></span> <span class='ocrx_word' id='word_1_156' title='bbox 903 1323 1120 1368; x_wconf 82' lang='lat' dir='ltr'><strong>dicebantur,</strong></span> <span class='ocrx_word' id='word_1_157' title='bbox 1155 1326 1191 1358; x_wconf 88' lang='lat' dir='ltr'><strong>in</strong></span> 
     </span>
     <span class='ocr_line' id='line_1_21' title="bbox 20 1377 1195 1429; baseline 0.003 -14"><span class='ocrx_word' id='word_1_158' title='bbox 20 1383 25 1389; x_wconf 63' lang='grc'>”</span> <span class='ocrx_word' id='word_1_159' title='bbox 58 1395 122 1427; x_wconf 77' lang='lat' dir='ltr'><strong>qua</strong></span> <span class='ocrx_word' id='word_1_160' title='bbox 147 1377 350 1428; x_wconf 74' lang='lat' dir='ltr'><strong>metropolis</strong></span> <span class='ocrx_word' id='word_1_161' title='bbox 376 1392 445 1416; x_wconf 84' lang='lat' dir='ltr'><strong>erat</strong></span> <span class='ocrx_word' id='word_1_162' title='bbox 462 1384 494 1427; x_wconf 86' lang='lat'>⁷)</span> <span class='ocrx_word' id='word_1_163' title='bbox 510 1382 718 1423; x_wconf 62' lang='lat' dir='ltr'><strong>Jerusalem</strong></span> <span class='ocrx_word' id='word_1_164' title='bbox 742 1382 943 1427; x_wconf 83' lang='lat' dir='ltr'><strong>metropolis</strong></span> <span class='ocrx_word' id='word_1_165' title='bbox 968 1393 1080 1417; x_wconf 80' lang='lat' dir='ltr'><strong>autem</strong></span> <span class='ocrx_word' id='word_1_166' title='bbox 1097 1386 1195 1429; x_wconf 79' lang='lat' dir='ltr'><strong>quasi-</strong></span> 
     </span>
     <span class='ocr_line' id='line_1_22' title="bbox 53 1443 1193 1489; baseline 0.002 -13"><span class='ocrx_word' id='word_1_167' title='bbox 53 1444 277 1488; x_wconf 85' lang='lat' dir='ltr'><strong>plurimarum</strong></span> <span class='ocrx_word' id='word_1_168' title='bbox 302 1444 437 1477; x_wconf 87' lang='lat' dir='ltr'><strong>urbium</strong></span> <span class='ocrx_word' id='word_1_169' title='bbox 461 1452 569 1476; x_wconf 81' lang='lat' dir='ltr'><strong>mater</strong></span> <span class='ocrx_word' id='word_1_170' title='bbox 593 1444 758 1486; x_wconf 82' lang='lat' dir='ltr'><strong>quaedam</strong></span> <span class='ocrx_word' id='word_1_171' title='bbox 788 1443 928 1477; x_wconf 78' lang='lat' dir='ltr'><strong>dicitur:</strong></span> <span class='ocrx_word' id='word_1_172' title='bbox 969 1458 1110 1489; x_wconf 86' lang='lat' dir='ltr'><strong>quarum</strong></span> <span class='ocrx_word' id='word_1_173' title='bbox 1136 1459 1193 1478; x_wconf 90' lang='lat' dir='ltr'><strong>ur-</strong></span> 
     </span>
     <span class='ocr_line' id='line_1_23' title="bbox 53 1504 1191 1551; baseline 0.003 -14"><span class='ocrx_word' id='word_1_174' title='bbox 53 1504 148 1538; x_wconf 89' lang='lat' dir='ltr'><strong>bium</strong></span> <span class='ocrx_word' id='word_1_175' title='bbox 183 1506 322 1538; x_wconf 80' lang='lat' dir='ltr'><strong>nomina</strong></span> <span class='ocrx_word' id='word_1_176' title='bbox 335 1505 369 1550; x_wconf 82' lang='lat'>⁸)</span> <span class='ocrx_word' id='word_1_177' title='bbox 400 1505 434 1538; x_wconf 87' lang='lat' dir='ltr'><strong>in</strong></span> <span class='ocrx_word' id='word_1_178' title='bbox 465 1504 539 1538; x_wconf 81' lang='lat' dir='ltr'><strong>aliis</strong></span> <span class='ocrx_word' id='word_1_179' title='bbox 569 1504 707 1548; x_wconf 83' lang='lat' dir='ltr'><strong>quidem</strong></span> <span class='ocrx_word' id='word_1_180' title='bbox 734 1504 856 1538; x_wconf 86' lang='lat' dir='ltr'><strong>divinis</strong></span> <span class='ocrx_word' id='word_1_181' title='bbox 869 1507 903 1549; x_wconf 79' lang='lat'>⁹)</span> <span class='ocrx_word' id='word_1_182' title='bbox 929 1505 1025 1538; x_wconf 84' lang='lat' dir='ltr'><strong>libris</strong></span> <span class='ocrx_word' id='word_1_183' title='bbox 1049 1507 1191 1551; x_wconf 76' lang='lat' dir='ltr'><strong>sparsim</strong></span> 
     </span>
     <span class='ocr_line' id='line_1_24' title="bbox 53 1565 1192 1611; baseline 0.003 -13"><span class='ocrx_word' id='word_1_184' title='bbox 53 1567 250 1611; x_wconf 81' lang='lat' dir='ltr'><strong>frequenter</strong></span> <span class='ocrx_word' id='word_1_185' title='bbox 272 1566 422 1599; x_wconf 82' lang='lat' dir='ltr'><strong>invenies</strong></span> <span class='ocrx_word' id='word_1_186' title='bbox 446 1565 636 1606; x_wconf 77' lang='lat' dir='ltr'><strong>nominata,</strong></span> <span class='ocrx_word' id='word_1_187' title='bbox 659 1565 761 1598; x_wconf 84' lang='lat' dir='ltr'><strong>simul</strong></span> <span class='ocrx_word' id='word_1_188' title='bbox 785 1575 896 1600; x_wconf 82' lang='lat' dir='ltr'><strong>autem</strong></span> <span class='ocrx_word' id='word_1_189' title='bbox 921 1566 955 1600; x_wconf 88' lang='lat' dir='ltr'><strong>in</strong></span> <span class='ocrx_word' id='word_1_190' title='bbox 979 1580 1084 1600; x_wconf 88' lang='lat' dir='ltr'><strong>unum</strong></span> <span class='ocrx_word' id='word_1_191' title='bbox 1111 1581 1192 1601; x_wconf 91' lang='lat' dir='ltr'><strong>con-</strong></span> 
     </span>
    </p>
   </div>
   <div class='ocr_carea' id='block_1_3' title="bbox 55 1628 792 1661">
    <p class='ocr_par' dir='ltr' id='par_1_5' title="bbox 55 1628 792 1661">
     <span class='ocr_line' id='line_1_25' title="bbox 55 1628 792 1661; baseline -0.001 0"><span class='ocrx_word' id='word_1_192' title='bbox 55 1637 144 1661; x_wconf 80' lang='lat' dir='ltr'><strong>texta</strong></span> <span class='ocrx_word' id='word_1_193' title='bbox 169 1628 385 1661; x_wconf 74' lang='lat' dir='ltr'><strong>continemur</strong></span> <span class='ocrx_word' id='word_1_194' title='bbox 408 1628 444 1661; x_wconf 87' lang='lat' dir='ltr'><strong>in</strong></span> <span class='ocrx_word' id='word_1_195' title='bbox 468 1628 555 1661; x_wconf 90' lang='lat' dir='ltr'><strong>libro</strong></span> <span class='ocrx_word' id='word_1_196' title='bbox 581 1628 664 1660; x_wconf 85' lang='lat' dir='ltr'><strong>Jesu</strong></span> <span class='ocrx_word' id='word_1_197' title='bbox 686 1628 792 1660; x_wconf 81' lang='lat' dir='ltr'><strong>Nave.</strong></span> 
     </span>
    </p>
   </div>
   <div class='ocr_carea' id='block_1_4' title="bbox 51 1737 1188 2140">
    <p class='ocr_par' dir='ltr' id='par_1_6' title="bbox 51 1737 1188 2140">
     <span class='ocr_line' id='line_1_26' title="bbox 152 1737 1188 1784; baseline -0.001 -12"><span class='ocrx_word' id='word_1_198' title='bbox 152 1739 183 1782; x_wconf 88' lang='lat'><strong>¹)</strong></span> <span class='ocrx_word' id='word_1_199' title='bbox 209 1738 278 1772; x_wconf 86' lang='lat' dir='ltr'><strong>Csr.</strong></span> <span class='ocrx_word' id='word_1_200' title='bbox 310 1747 419 1771; x_wconf 84' lang='lat' dir='ltr'><strong>textus</strong></span> <span class='ocrx_word' id='word_1_201' title='bbox 449 1751 585 1780; x_wconf 82' lang='lat' dir='ltr'><strong>graecus</strong></span> <span class='ocrx_word' id='word_1_202' title='bbox 616 1738 657 1770; x_wconf 82' lang='lat' dir='ltr'><strong>ad</strong></span> <span class='ocrx_word' id='word_1_203' title='bbox 683 1737 811 1770; x_wconf 85' lang='lat' dir='ltr'><strong>calcem</strong></span> <span class='ocrx_word' id='word_1_204' title='bbox 836 1750 920 1771; x_wconf 88' lang='lat' dir='ltr'><strong>vers.</strong></span> <span class='ocrx_word' id='word_1_205' title='bbox 946 1738 1056 1771; x_wconf 85' lang='lat' dir='ltr'><strong>Rufin.</strong></span> <span class='ocrx_word' id='word_1_206' title='bbox 1082 1751 1188 1784; x_wconf 86' lang='lat' dir='ltr'><strong>appo-</strong></span> 
     </span>
     <span class='ocr_line' id='line_1_27' title="bbox 53 1782 676 1827; baseline 0.003 -12"><span class='ocrx_word' id='word_1_207' title='bbox 53 1783 145 1816; x_wconf 86' lang='lat' dir='ltr'><strong>situs.</strong></span> <span class='ocrx_word' id='word_1_208' title='bbox 241 1783 276 1826; x_wconf 83' lang='lat'>²)</span> <span class='ocrx_word' id='word_1_209' title='bbox 302 1783 388 1816; x_wconf 89' lang='lat' dir='ltr'><strong>Edd.</strong></span> <span class='ocrx_word' id='word_1_210' title='bbox 415 1785 463 1818; x_wconf 90' lang='lat' dir='ltr'><strong>M.</strong></span> <span class='ocrx_word' id='word_1_211' title='bbox 489 1782 676 1827; x_wconf 83' lang='lat' dir='ltr'><strong>„scriptis.“</strong></span> 
     </span>
     <span class='ocr_line' id='line_1_28' title="bbox 52 1837 1187 1918; baseline 0 -46"><span class='ocrx_word' id='word_1_212' title='bbox 52 1838 263 1918; x_wconf 62' lang='lat' dir='ltr'><strong>10r“³I){Sic</strong></span> <span class='ocrx_word' id='word_1_213' title='bbox 288 1839 367 1872; x_wconf 88' lang='lat' dir='ltr'><strong>Mss.</strong></span> <span class='ocrx_word' id='word_1_214' title='bbox 399 1839 492 1871; x_wconf 83' lang='lat' dir='ltr'><strong>Editi</strong></span> <span class='ocrx_word' id='word_1_215' title='bbox 524 1838 679 1882; x_wconf 64' lang='lat' dir='ltr'><strong>ver0‹(v.</strong></span> <span class='ocrx_word' id='word_1_216' title='bbox 705 1849 732 1870; x_wconf 87' lang='lat' dir='ltr'><strong>c.</strong></span> <span class='ocrx_word' id='word_1_217' title='bbox 760 1837 836 1870; x_wconf 79' lang='lat' dir='ltr'><strong>edd.</strong></span> <span class='ocrx_word' id='word_1_218' title='bbox 863 1837 928 1881; x_wconf 88' lang='lat' dir='ltr'>M.)</span> <span class='ocrx_word' id='word_1_219' title='bbox 963 1838 1187 1879; x_wconf 81' lang='lat' dir='ltr'><strong>„convenien-</strong></span> 
     </span>
     <span class='ocr_line' id='line_1_29' title="bbox 105 1910 1187 1983; baseline -0.001 -11"><span class='ocrx_word' id='word_1_220' title='bbox 105 1910 113 1918; x_wconf 46' lang='lat'><strong>·</strong></span> <span class='ocrx_word' id='word_1_221' title='bbox 147 1939 180 1982; x_wconf 82' lang='lat'>⁴²)</span> <span class='ocrx_word' id='word_1_222' title='bbox 206 1939 276 1972; x_wconf 80' lang='lat' dir='ltr'><strong>Cfr.</strong></span> <span class='ocrx_word' id='word_1_223' title='bbox 302 1939 354 1972; x_wconf 88' lang='lat' dir='ltr'><strong>ed.</strong></span> <span class='ocrx_word' id='word_1_224' title='bbox 380 1939 511 1983; x_wconf 81' lang='lat' dir='ltr'><strong>Redep.</strong></span> <span class='ocrx_word' id='word_1_225' title='bbox 536 1950 611 1982; x_wconf 85' lang='lat' dir='ltr'>pag.</span> <span class='ocrx_word' id='word_1_226' title='bbox 628 1937 705 1973; x_wconf 83' lang='grc'>354.</span> <span class='ocrx_word' id='word_1_227' title='bbox 731 1946 802 1970; x_wconf 88' lang='lat' dir='ltr'><strong>not.</strong></span> <span class='ocrx_word' id='word_1_228' title='bbox 820 1937 876 1971; x_wconf 80' lang='grc'><strong>24.</strong></span> <span class='ocrx_word' id='word_1_229' title='bbox 902 1937 984 1972; x_wconf 88' lang='lat' dir='ltr'><strong>coll.</strong></span> <span class='ocrx_word' id='word_1_230' title='bbox 1009 1938 1061 1972; x_wconf 82' lang='lat' dir='ltr'><strong>ed.</strong></span> <span class='ocrx_word' id='word_1_231' title='bbox 1078 1939 1187 1971; x_wconf 82' lang='lat' dir='ltr'><strong>Ruaei</strong></span> 
     </span>
     <span class='ocr_line' id='line_1_30' title="bbox 51 1983 1182 2083; baseline 0 -11"><span class='ocrx_word' id='word_1_232' title='bbox 51 1997 125 2029; x_wconf 43' lang='lat' dir='ltr'>Pag-</span> <span class='ocrx_word' id='word_1_233' title='bbox 144 1983 260 2083; x_wconf 44' lang='lat' dir='ltr'><strong>⁵1)8.⁷S·ic</strong></span> <span class='ocrx_word' id='word_1_234' title='bbox 285 2039 365 2072; x_wconf 85' lang='lat' dir='ltr'><strong>Mss.</strong></span> <span class='ocrx_word' id='word_1_235' title='bbox 391 2038 484 2070; x_wconf 77' lang='lat' dir='ltr'><strong>Editi</strong></span> <span class='ocrx_word' id='word_1_236' title='bbox 509 2040 557 2082; x_wconf 88' lang='lat' dir='ltr'><strong>(v.</strong></span> <span class='ocrx_word' id='word_1_237' title='bbox 583 2051 610 2071; x_wconf 88' lang='lat' dir='ltr'><strong>c.</strong></span> <span class='ocrx_word' id='word_1_238' title='bbox 637 2039 711 2070; x_wconf 22' lang='lat' dir='ltr'><strong>edd*</strong></span> <span class='ocrx_word' id='word_1_239' title='bbox 731 2039 798 2083; x_wconf 87' lang='lat' dir='ltr'>M.)</span> <span class='ocrx_word' id='word_1_240' title='bbox 825 2039 1004 2079; x_wconf 80' lang='lat' dir='ltr'><strong>„effectam</strong></span> <span class='ocrx_word' id='word_1_241' title='bbox 1029 2042 1130 2072; x_wconf 82' lang='lat' dir='ltr'><strong>esse.“</strong></span> <span class='ocrx_word' id='word_1_242' title='bbox 1142 2040 1182 2072; x_wconf 90' lang='lat' dir='ltr'><strong>R.</strong></span> 
     </span>
     <span class='ocr_line' id='line_1_31' title="bbox 142 2094 645 2140; baseline -0.006 -13"><span class='ocrx_word' id='word_1_243' title='bbox 142 2095 177 2140; x_wconf 80' lang='lat'>⁶)</span> <span class='ocrx_word' id='word_1_244' title='bbox 201 2095 290 2127; x_wconf 85' lang='lat' dir='ltr'><strong>Edd.</strong></span> <span class='ocrx_word' id='word_1_245' title='bbox 316 2094 365 2127; x_wconf 87' lang='lat' dir='ltr'><strong>M.</strong></span> <span class='ocrx_word' id='word_1_246' title='bbox 393 2107 431 2135; x_wconf 85' lang='lat' dir='ltr'><strong>„a</strong></span> <span class='ocrx_word' id='word_1_247' title='bbox 455 2094 645 2126; x_wconf 74' lang='lat' dir='ltr'><strong>Roboarn.“</strong></span> 
     </span>
    </p>
   </div>
   <div class='ocr_carea' id='block_1_5' title="bbox 50 2148 1180 2239">
    <p class='ocr_par' dir='ltr' id='par_1_7' title="bbox 50 2148 1180 2239">
     <span class='ocr_line' id='line_1_32' title="bbox 144 2148 1180 2194; baseline -0.001 -11"><span class='ocrx_word' id='word_1_248' title='bbox 144 2150 182 2194; x_wconf 85' lang='lat'>⁷)</span> <span class='ocrx_word' id='word_1_249' title='bbox 205 2151 339 2183; x_wconf 86' lang='lat' dir='ltr'><strong>Desunt</strong></span> <span class='ocrx_word' id='word_1_250' title='bbox 361 2148 397 2181; x_wconf 89' lang='lat' dir='ltr'><strong>in</strong></span> <span class='ocrx_word' id='word_1_251' title='bbox 422 2148 520 2181; x_wconf 80' lang='lat' dir='ltr'><strong>editis</strong></span> <span class='ocrx_word' id='word_1_252' title='bbox 545 2149 592 2192; x_wconf 77' lang='lat' dir='ltr'><strong>(V.</strong></span> <span class='ocrx_word' id='word_1_253' title='bbox 619 2162 646 2182; x_wconf 86' lang='lat' dir='ltr'><strong>c.</strong></span> <span class='ocrx_word' id='word_1_254' title='bbox 672 2151 748 2182; x_wconf 77' lang='lat' dir='ltr'><strong>edd.</strong></span> <span class='ocrx_word' id='word_1_255' title='bbox 774 2150 852 2193; x_wconf 83' lang='lat' dir='ltr'><strong>M),</strong></span> <span class='ocrx_word' id='word_1_256' title='bbox 877 2150 934 2182; x_wconf 86' lang='lat' dir='ltr'><strong>sed</strong></span> <span class='ocrx_word' id='word_1_257' title='bbox 959 2150 1125 2182; x_wconf 79' lang='lat' dir='ltr'><strong>habemur</strong></span> <span class='ocrx_word' id='word_1_258' title='bbox 1147 2150 1180 2182; x_wconf 83' lang='lat' dir='ltr'><strong>in</strong></span> 
     </span>
     <span class='ocr_line' id='line_1_33' title="bbox 50 2193 1082 2239; baseline 0 -11"><span class='ocrx_word' id='word_1_259' title='bbox 50 2196 130 2228; x_wconf 88' lang='lat' dir='ltr'>Mss.</span> <span class='ocrx_word' id='word_1_260' title='bbox 154 2197 274 2228; x_wconf 79' lang='lat' dir='ltr'><strong>verba:</strong></span> <span class='ocrx_word' id='word_1_261' title='bbox 301 2203 394 2235; x_wconf 80' lang='lat' dir='ltr'><strong>„erat</strong></span> <span class='ocrx_word' id='word_1_262' title='bbox 408 2193 621 2229; x_wconf 72' lang='lat' dir='ltr'><strong>Jerusalem:</strong></span> <span class='ocrx_word' id='word_1_263' title='bbox 645 2195 847 2239; x_wconf 77' lang='lat' dir='ltr'><strong>metropolis</strong></span> <span class='ocrx_word' id='word_1_264' title='bbox 871 2200 1015 2228; x_wconf 57' lang='lat' dir='ltr'><strong>autemst</strong></span> <span class='ocrx_word' id='word_1_265' title='bbox 1043 2196 1082 2229; x_wconf 84' lang='lat' dir='ltr'><strong>R.</strong></span> 
     </span>
    </p>
   </div>
   <div class='ocr_carea' id='block_1_6' title="bbox 141 2249 1025 2294">
    <p class='ocr_par' dir='ltr' id='par_1_8' title="bbox 141 2249 1025 2294">
     <span class='ocr_line' id='line_1_34' title="bbox 141 2249 1025 2294; baseline 0.002 -12"><span class='ocrx_word' id='word_1_266' title='bbox 141 2251 175 2293; x_wconf 82' lang='lat'>⁸)</span> <span class='ocrx_word' id='word_1_267' title='bbox 201 2250 263 2282; x_wconf 87' lang='lat' dir='ltr'><strong>Ed.</strong></span> <span class='ocrx_word' id='word_1_268' title='bbox 289 2251 337 2283; x_wconf 87' lang='lat' dir='ltr'><strong>M.</strong></span> <span class='ocrx_word' id='word_1_269' title='bbox 366 2251 389 2282; x_wconf 91' lang='grc' dir='ltr'><strong>Ι.</strong></span> <span class='ocrx_word' id='word_1_270' title='bbox 417 2249 594 2290; x_wconf 71' lang='lat' dir='ltr'><strong>„nominat</strong></span> <span class='ocrx_word' id='word_1_271' title='bbox 620 2259 654 2281; x_wconf 83' lang='lat' dir='ltr'><strong>et</strong></span> <span class='ocrx_word' id='word_1_272' title='bbox 677 2250 749 2282; x_wconf 78' lang='lat' dir='ltr'><strong>aliis</strong></span> <span class='ocrx_word' id='word_1_273' title='bbox 774 2251 933 2294; x_wconf 85' lang='lat' dir='ltr'><strong>quidem“</strong></span> <span class='ocrx_word' id='word_1_274' title='bbox 960 2260 1025 2284; x_wconf 86' lang='lat' dir='ltr'><strong>etc.</strong></span> 
     </span>
    </p>
   </div>
   <div class='ocr_carea' id='block_1_7' title="bbox 140 2304 1178 2350">
    <p class='ocr_par' dir='ltr' id='par_1_9' title="bbox 140 2304 1178 2350">
     <span class='ocr_line' id='line_1_35' title="bbox 140 2304 1178 2350; baseline 0.001 -13"><span class='ocrx_word' id='word_1_275' title='bbox 140 2305 173 2349; x_wconf 85' lang='lat'>⁹)</span> <span class='ocrx_word' id='word_1_276' title='bbox 199 2305 256 2338; x_wconf 83' lang='lat' dir='ltr'><strong>Sic</strong></span> <span class='ocrx_word' id='word_1_277' title='bbox 272 2304 354 2339; x_wconf 83' lang='lat' dir='ltr'><strong>Mss.</strong></span> <span class='ocrx_word' id='word_1_278' title='bbox 370 2306 406 2338; x_wconf 93' lang='lat' dir='ltr'><strong>ln</strong></span> <span class='ocrx_word' id='word_1_279' title='bbox 420 2305 518 2338; x_wconf 82' lang='lat' dir='ltr'><strong>editis</strong></span> <span class='ocrx_word' id='word_1_280' title='bbox 533 2307 579 2349; x_wconf 87' lang='lat' dir='ltr'><strong>(v.</strong></span> <span class='ocrx_word' id='word_1_281' title='bbox 594 2318 621 2337; x_wconf 92' lang='lat' dir='ltr'><strong>c.</strong></span> <span class='ocrx_word' id='word_1_282' title='bbox 639 2306 716 2339; x_wconf 82' lang='lat' dir='ltr'><strong>edd.</strong></span> <span class='ocrx_word' id='word_1_283' title='bbox 729 2304 796 2350; x_wconf 82' lang='lat' dir='ltr'>M.)</span> <span class='ocrx_word' id='word_1_284' title='bbox 811 2307 921 2347; x_wconf 78' lang='lat' dir='ltr'><strong>deest:</strong></span> <span class='ocrx_word' id='word_1_285' title='bbox 946 2305 1121 2347; x_wconf 78' lang='lat' dir='ltr'><strong>‚‚divinis.“</strong></span> <span class='ocrx_word' id='word_1_286' title='bbox 1138 2306 1178 2338; x_wconf 86' lang='lat' dir='ltr'><strong>R.</strong></span> 
     </span>
    </p>
   </div>
  </div>
 </body>
</html>
