1404 2463
516 65 805 97 Paomcomnm.
1195 74 1245 96 vn

96 157 238 194 Merlini
258 156 558 194 hallucinationes
576 156 636 192 hic
655 165 874 192 enumerem.
900 153 1020 191 Facile
1039 166 1099 192 eas
1120 166 1246 192 omues

96 231 349 279 deprehendet
377 230 535 278 quisquis
564 233 670 266 notas
702 233 846 266 nostras
866 228 904 265 in
925 232 1084 266 extrema
1105 241 1245 279 quaque

95 304 230 352 pagina
250 304 434 351 appositas
454 304 565 351 leget.
607 304 800 340 Praeterea
820 304 918 350 quod
935 303 1120 340 veteribus
1141 315 1244 340 ama-

96 379 295 415 nuensibus
323 377 471 424 accidit,
498 381 551 423 ut,
577 377 640 413 ubi
668 378 778 414 Mser.
798 378 937 423 Codex,
966 389 1070 424 quem
1099 377 1244 413 descri-

95 452 254 498 bebant,
296 451 470 487 continue
512 451 692 499 duplicem
727 451 916 499 periodum
958 448 1246 495 ὀμοιοκέλευθον

97 525 288 571 offerebat,
316 525 505 561 oculorum
533 536 658 562 errore
687 525 832 573 decepti
860 535 969 571 saepe
997 534 1103 559 unam
1132 523 1245 559 omit-

96 602 229 644 terent,
255 597 294 634 id
323 598 429 635 etiam
457 599 592 635 accidit
619 598 665 645 ei,
694 599 752 645 qui
773 599 863 635 Cod.
884 597 1129 634 sorbonicum
1148 596 1246 633 scri-

95 672 188 720 psit,
228 672 293 709 sed
326 676 454 720 postea
484 673 700 719 conserens,
737 672 833 719 quod
863 671 1130 719 descripserat,
1165 682 1244 706 cum

94 745 303 793 exemplari,
329 747 427 783 unde
442 746 652 794 scripserat,
675 746 809 793 adjecit
829 747 872 783 ad
895 757 996 783 oram
1014 744 1135 781 omnia
1154 755 1246 791 quae

94 819 286 866 omiserat,
320 821 386 857 sed
419 821 469 857 ita
497 820 636 857 minuto
666 820 899 866 charactere,
940 823 979 856 ut
1007 819 1049 854 iis
1078 818 1244 865 legendis

94 892 209 941 impar
237 894 347 931 fuerit
365 894 551 933 Merlinus.
594 895 706 938 Quam
734 894 782 930 ob
802 905 878 930 rem
898 893 1087 929 innumera
1106 896 1190 928 sunt>
1208 892 1245 927 in

95 968 172 1014 ejus
201 968 363 1005 editione
390 968 486 1015 loca,
515 980 666 1016 quorum
694 967 900 1005 obscuritas
928 967 988 1003 vel
1015 966 1084 1013 ipsi
1105 966 1246 1014 Oedipo

95 1040 192 1078 soret
218 1041 484 1090 insuperabilis.
514 1043 639 1088 Neque
662 1041 705 1077 iis
725 1051 867 1077 manum
888 1040 1064 1078 medicam
1082 1040 1248 1082 adhibuit

96 1114 406 1163 Genebrardus,¹)
437 1117 536 1163 cujus
566 1115 678 1152 editio
706 1126 738 1151 a.
759 1110 869 1150 1574.
895 1125 940 1150 ne
965 1114 1075 1150 latum
1103 1114 1247 1161 quidem

95 1199 253 1236 unguem
290 1200 310 1225 a
338 1189 551 1225 Merliniana
579 1188 758 1234 discedit,
785 1188 815 1223 si
843 1188 953 1224 modo
982 1198 1101 1225 novos
1128 1192 1244 1235 typo-

95 1261 291 1310 graphicos
325 1272 469 1298 errores
506 1261 714 1309 exceperis,
749 1265 786 1298 et
814 1272 970 1308 novam,
1006 1272 1111 1308 quam
1139 1262 1244 1299 initio

96 1335 161 1374 lib.
179 1335 242 1372 111.
273 1339 309 1372 et
336 1335 441 1372 initio
469 1335 532 1372 lib.
553 1335 617 1372 lv.
646 1334 815 1381 instituit,
842 1334 991 1372 latinam
1018 1336 1245 1384 interpreta-

95 1408 247 1456 tionem,
266 1409 436 1456 neglecta
455 1408 656 1446 Rufiniana.
677 1409 842 1456 Denique
862 1420 1017 1456 graecae
1036 1409 1246 1458 scriptionis

95 1483 281 1530 reliquiae,
310 1494 397 1530 quas
417 1483 547 1531 partim
567 1483 778 1529 Philocalia,
806 1483 937 1530 partim
955 1483 1109 1531 epistola
1125 1484 1245 1520 Justi-

95 1557 195 1594 niani
209 1557 438 1605 imperatoris
454 1557 500 1594 ad
510 1557 589 1593 Men
596 1568 676 1593 nam
686 1557 884 1594 Patriarch.
895 1557 1102 1604 Constant.,
1116 1558 1247 1606 partim

96 1631 286 1668 Marcellus
302 1631 522 1677 Ancyranus
543 1631 639 1679 apud
655 1632 850 1668 Eusebium
873 1631 1060 1677 exhibent,
1079 1631 1116 1668 in
1139 1636 1246 1669 utra-

98 1715 167 1751 que
195 1705 358 1742 editione
387 1705 656 1751 desiderantur,
686 1717 754 1741 nec
782 1716 858 1742 non
887 1716 1003 1753 pauca
1021 1704 1247 1754 interpreta-

97 1776 208 1814 tionis
237 1779 545 1825 Hieronymianae
574 1779 791 1826 fragmenta,

177 1852 246 1888 Tot
271 1852 369 1888 vitiis
394 1856 434 1888 ut
453 1854 693 1899 mederemur,
721 1853 946 1889 Rufinianam
965 1852 1247 1899 interpretatio-

100 1934 182 1960 nem
197 1924 243 1961 ad
261 1925 367 1962 tidem
383 1937 447 1962 sex
461 1925 790 1973 antiquissimorum
806 1926 889 1963 Mss.
906 1925 1102 1972 diligenter
1118 1938 1248 1962 emen-

100 1997 286 2044 davimus,
321 2001 358 2034 et
392 1999 532 2045 quoties
562 2011 642 2037 sese
669 2000 802 2037 obtulit
830 1999 1008 2036 sermonis
1037 1999 1162 2047 graeci
1189 2004 1250 2036 aut

101 2071 414 2118 interpretationis
431 2072 738 2119 Hieronymianae
753 2073 944 2122 particula,
966 2084 1043 2110 eam
1060 2085 1079 2110 e
1094 2073 1248 2121 regione

99 2242 103 2245 ,
198 2204 230 2250 Ι)
256 2204 326 2239 cfr.
359 2182 420 2238 lib,
444 2205 576 2250 Redep.
608 2205 699 2241 laud.
732 2220 804 2252 pag.
829 2207 908 2243 473.
934 2207 1012 2242 con.
1040 2208 1094 2243 ed.
1118 2208 1248 2252 Redep.

103 2261 199 2306 epist.
224 2260 370 2295 dedicat.
395 2273 470 2307 pag.
497 2261 559 2294 XI.
