1404 2463
190 133 256 168 456
685 136 862 168 Officssms

193 223 285 265 lege,
320 222 354 255 id
387 232 434 255 est
467 223 656 268 praeceptis
681 223 898 267 evangelicis,
934 225 974 257 ad
1001 226 1189 269 perfectum
1217 227 1330 261 omnia

196 285 438 330 perducuntur.
456 286 486 328 Ι)

286 346 340 381 25.
388 347 504 390 Sed2)
529 346 712 380 videndum
738 358 797 388 est,
823 361 865 381 ne
889 348 978 381 forte
1004 349 1106 391 magis
1130 349 1218 382 illud
1241 349 1330 383 indi-

193 421 268 441 care
293 408 462 450 videatur,
496 409 589 453 quod
613 409 699 442 sicut
722 410 755 443 in
782 411 1055 443 Deuteronomio
1080 411 1271 445 evidentior
1295 421 1330 444 et

194 469 406 502 manifestior
423 469 588 511 legislatio
606 471 795 505 declaratur
811 486 912 517 quam
929 473 962 505 in
981 473 1042 512 his,
1068 486 1153 518 quae
1170 473 1330 519 prim05³)

194 531 319 576 scripta
344 532 476 575 sunt‚⁴)
502 531 548 565 ita
573 541 606 565 et
629 535 670 566 ab
694 546 736 566 eo
760 535 907 567 adventu
933 534 1135 575 Salvatoris,
1171 548 1271 580 quem
1295 535 1329 568 in

194 593 385 626 humilitate
411 594 608 638 complevit,
634 609 709 628 cum
735 597 880 628 formam
905 595 993 628 servi
1017 596 1175 641 suscepit,
1207 597 1331 629 clarior

192 655 252 687 ille
283 665 317 688 et
347 655 531 697 gloriosior
560 658 726 690 secundus
749 659 782 690 in
807 658 913 699 gloria
937 658 1044 690 Patris
1070 658 1140 703 ejus
1164 658 1333 691 indicetur

193 718 367 757 adventus,
393 727 426 750 et
447 718 483 750 in
507 718 568 751 illo
594 720 702 752 forma
720 720 982 752 Deuteronomii
1008 720 1230 764 compleatur,
1255 734 1331 753 cum

195 778 230 811 in
260 792 364 821 regno
397 780 574 813 coelorum
606 782 710 814 sancti
743 795 859 814 omnes
890 784 1018 814 aeterni
1049 782 1142 814 illius
1168 782 1332 824 evangelii

196 840 326 882 legibus
341 842 373 884 ⁵)
401 841 576 887 vivent36)
616 843 695 886 et7)
719 842 807 874 sicut
830 856 919 875 nunc
943 843 1121 876 adveniens
1147 844 1255 886 legem
1280 856 1333 876 re-

292 959 323 1003 ¹)
348 959 435 992 Edd.
460 959 509 992 M.
537 959 825 1003 „producuntur.“

286 1016 321 1060 ²)
346 1015 575 1061 Hieronymus
602 1015 636 1048 in
661 1016 757 1059 epist.
783 1017 823 1049 ad
849 1016 936 1049 Avit.
960 1028 1034 1060 pag.
1053 1015 1127 1050 768.
1153 1017 1255 1049 docet
1281 1016 1333 1048 di-

197 1059 281 1092 xisse
315 1074 410 1100 eum,
453 1069 583 1093 tantum
615 1063 817 1106 praecedere
849 1061 1058 1103 evangelium
1090 1061 1333 1105 sempiternum

197 1106 262 1138 hoc
286 1115 439 1138 nostrum
465 1106 686 1148 evangelium,
713 1117 876 1151 quantum
903 1106 1027 1140 Christi
1051 1106 1259 1151 praedicatio
1285 1107 1334 1139 le·-

197 1163 244 1193 gls
270 1161 391 1184 veteris
416 1161 633 1185 sacramenta.

293 1208 326 1250 3)
350 1208 457 1240 Deest
481 1207 514 1240 in
540 1217 637 1240 antea
661 1208 760 1241 editis
785 1209 832 1252 (v.
858 1222 885 1242 e.
911 1208 989 1242 edd.
1006 1208 1087 1251 M.),
1110 1207 1169 1240 sed
1193 1207 1336 1241 habetur

199 1251 337 1304 inKMss.
365 1253 530 1297 „primof⁴
558 1254 598 1287 R.

291 1307 324 1352 ⁴)
349 1309 411 1341 Ed.
439 1308 490 1342 M.
516 1310 542 1344 Ῐ.
569 1319 682 1351 „suntt
709 1319 742 1342 et
767 1309 810 1342 ita
837 1319 869 1341 et
893 1310 934 1341 ab
960 1311 1022 1341 eo“
1050 1317 1112 1341 etc.

292 1366 325 1407 ⁵)
350 1365 455 1397 Deest
485 1364 518 1397 in
545 1365 642 1398 editis
667 1366 716 1409 (v.
743 1379 769 1397 c.
797 1365 872 1398 edd.
898 1365 984 1409 Μ.),
1019 1363 1189 1408 reperitur
1223 1374 1335 1397 autem

198 1409 232 1442 in
258 1410 340 1443 Mss.
366 1410 548 1452 „legibus.“
574 1411 614 1444 R.
710 1411 744 1455 ⁵)
770 1411 855 1443 Edd.
882 1410 930 1445 Μ,
956 1409 1126 1451 „vivant.“

293 1465 326 1509 7)
351 1466 470 1498 Versio
497 1465 703 1510 Hieronymi
732 1465 766 1497 in
799 1465 894 1510 epist.
928 1466 969 1497 ad
997 1465 1132 1497 Avitum
1157 1479 1230 1510 pag.
1257 1465 1333 1500 768.

198 1511 299 1543 habet
327 1510 466 1544 haecce:
513 1511 630 1552 „Sicut
663 1511 752 1543 enim
787 1524 848 1555 per
879 1512 1034 1542 umbram
1066 1512 1228 1553 evangelii
1260 1524 1335 1543 um-

199 1557 294 1588 bram
327 1555 408 1598 legis
438 1556 613 1600 implevit:
652 1556 699 1588 sic
739 1557 815 1600 quia
847 1555 956 1588 omnis
990 1555 1042 1587 lex
1075 1557 1267 1600 exemplum
1301 1565 1334 1588 et

198 1602 318 1635 umbra
354 1611 404 1635 est
441 1601 710 1634 ceremoniarum
743 1601 960 1639 coelestium,
992 1600 1185 1642 diligentius
1223 1601 1335 1645 requi-

198 1647 361 1685 rendum,
401 1656 515 1679 utrum
547 1656 637 1679 recte
669 1646 894 1687 intelligamus
929 1646 1036 1686 legem
1062 1658 1198 1690 quoque
1223 1648 1334 1678 coele-

199 1702 284 1724 stem
322 1701 353 1725 et
386 1692 593 1725 ceremonias
617 1691 755 1736 superni
781 1692 889 1723 cultus
914 1691 1162 1735 plenitudinem
1185 1704 1254 1724 non
1279 1692 1335 1723 ha·-

198 1739 296 1780 bere,
335 1738 394 1769 sed
427 1737 578 1780 indigere
617 1737 778 1778 evangelii
811 1736 966 1776 veritate,
1007 1736 1101 1780 quod
1130 1736 1165 1768 in
1194 1737 1335 1769 Joannis

202 1783 406 1829 Apocalypsi
436 1783 644 1826 evangelium
669 1782 810 1823 legimus
836 1781 1099 1826 sempiternum,
1131 1782 1172 1813 ad
1198 1794 1335 1826 compa-

199 1828 365 1860 rationem
390 1827 550 1861 videlicet
574 1827 671 1872 hujus
696 1827 803 1859 nostri
828 1826 1002 1869 evangelii,
1027 1827 1120 1871 quod
1145 1826 1334 1870 temporale

200 1883 260 1913 est,
285 1882 317 1906 et
341 1873 376 1905 in
402 1874 583 1906 transituro
609 1873 736 1904 mundo
755 1885 792 1904 ac
808 1872 943 1904 saeculo
961 1871 1202 1916 praedicatum.
1229 1871 1335 1915 Quod

199 1919 336 1963 quidem
370 1920 469 1950 etiam
502 1920 530 1951 si
560 1931 666 1962 usque
697 1919 739 1949 ad
770 1917 960 1962 passionem
986 1916 1128 1949 Domini
1152 1917 1336 1950 Salvator-is

198 1964 367 2008 inquirere
406 1964 631 2006 voluerimus,
669 1975 871 2007 quamquam
912 1963 1016 1995 audax
1051 1971 1085 1994 et
1119 1962 1334 1994 temerarium

200 2009 243 2041 sit
266 2009 300 2040 in
326 2008 424 2041 coelo
451 2009 521 2054 ejus
547 2022 707 2054 quaerere
732 2007 942 2052 passionem,
968 2017 1078 2039 tamen
1103 2006 1131 2039 si
1147 2006 1334 2051 spiritualia

199 2053 369 2097 nequitiae
395 2054 429 2086 in
455 2055 658 2087 coelestibus
683 2063 771 2092 sunt,
797 2062 829 2084 et
853 2066 922 2085 non
949 2053 1175 2084 erubescimus
1200 2065 1333 2084 crucem

199 2098 342 2130 Domini
368 2099 524 2132 confiteri
547 2109 690 2143 propter
715 2098 981 2130 destructionem
1006 2110 1142 2137 eorum,
1167 2110 1252 2141 quae
1277 2110 1334 2129 sua

200 2144 355 2187 passione
380 2144 560 2177 destruxit:
592 2158 652 2177 cur
675 2144 851 2176 timeamus
877 2143 978 2175 etiam
1002 2142 1034 2174 in
1059 2142 1213 2187 supernis
1238 2142 1334 2183 locis,

199 2189 232 2220 in
258 2189 547 2221 consummatione
571 2190 785 2222 saeculorum
809 2189 934 2232 aliquid
959 2187 1068 2220 simile
1091 2186 1274 2232 suspicari,
1296 2196 1334 2219 ut

199 2233 350 2265 omnium
377 2234 531 2266 locorum
559 2244 672 2276 gentes
697 2234 788 2266 illius
812 2233 966 2278 passione
991 2231 1209 2265 salventur?“
1235 2232 1333 2264 Adde

198 2278 442 2317 Justinianum,
482 2279 539 2323 qui
571 2280 604 2311 in
636 2279 731 2323 epist.
763 2279 803 2311 ad
836 2278 996 2311 Mennmu
1028 2277 1209 2310 Patriarch.
1244 2277 1336 2310 Con-

199 2333 294 2357 stant.
320 2323 448 2368 (Mansi
480 2324 626 2368 ampliss.
654 2324 788 2356 collect.
816 2322 1006 2356 Concilior.
1033 2323 1132 2355 Tom.
1160 2322 1237 2366 IX.)
1262 2335 1335 2366 pag.
