1404 2463
218 109 283 143 118
693 112 868 146 Omoemus

215 208 295 239 tem,
319 208 447 233 tantum
473 201 625 233 ordinem
651 210 845 246 tantamque
872 199 1068 244 disciplinae
1092 212 1129 231 ac
1147 199 1177 243 ¹)
1203 199 1342 231 rationis

217 260 459 295 observantiam
484 263 595 295 dicere
626 264 666 296 ab
699 261 983 295 irrationabilibus
1008 260 1091 302 exigi
1117 261 1168 293 vel
1193 260 1346 305 expleri?

217 322 318 365 Apud
343 323 594 368 Hieremiam2)
627 338 703 358 sane
735 325 835 357 etiam
866 323 977 365 regina
1009 322 1096 355 coeli
1129 322 1206 354 luna
1230 323 1345 366 esse³)

217 383 418 418 nominatur.
467 385 571 429 Quod
591 387 619 419 si
644 387 825 419 animantes
850 394 925 417 sunt
949 384 1078 423 stellae,
1105 393 1138 416 et
1162 383 1344 416 rationabi-

218 443 265 477 les
290 445 483 486 animantes,
507 448 579 480 sine
603 447 707 480 dubio
733 446 904 479 videbitur
926 446 1012 479 inter
1037 458 1089 477 eas
1115 453 1147 478 et
1171 445 1345 489 profectus

219 506 338 551 aliquis
363 517 396 540 et
421 509 582 541 decessus.
630 509 706 542 Hoc
731 509 819 541 enim
843 508 935 552 quod
961 508 1006 540 ait
1029 508 1116 540 Job:
1149 507 1298 547 „Stellae
1311 506 1345 551 4)

219 581 286 600 non
311 579 387 602 sunt
409 571 552 603 mundae
576 571 610 603 in
637 579 816 614 conspectu
842 569 958 614 ejus:“
996 569 1098 601 talem
1129 569 1211 601 mihi
1244 581 1347 613 quen-

223 630 299 662 dam
324 630 457 663 videtur
480 631 626 664 indicare
651 631 868 664 intellectum.

311 692 341 725 4.
389 693 464 725 Jam
489 705 566 724 vero
585 706 642 746 fa,
666 706 749 737 quae
774 692 951 725 animantia
977 705 1046 725 esse
1072 700 1105 724 et
1126 692 1346 732 rafionabiiia,

223 755 459 798 consequentia
484 754 717 798 disputationis
740 754 888 794 invenit,
911 763 1024 786 utrum
1049 767 1122 786 curn
1149 754 1348 798 corporibus

221 815 348 858 pariter
378 816 520 848 animata
552 816 728 848 videantur
761 829 801 848 eo
830 825 1001 860 tempore,
1038 829 1115 847 eum
1146 815 1228 848 dicit
1260 815 1348 849 Scri-

223 886 330 921 ptura,
356 878 432 922 quia
459 878 603 922 „secit⁵)
624 872 720 911 Deus
746 879 813 911 duo
838 877 1015 910 luminaria
1040 890 1168 919 magna,
1193 887 1224 910 et
1249 877 1350 910 lumi-

223 950 301 970 nare
339 938 443 983 majus
480 939 513 971 in
550 939 776 984 principatum
810 939 897 978 diei,
934 948 966 971 et
991 938 1154 971 luminare
1178 940 1286 971 minus
1313 939 1348 971 in

222 998 448 1043 principatum
473 1001 591 1039 noctis,
616 1010 648 1032 et
671 1002 830 1034 stellas:“
867 1014 906 1033 an
933 1013 1000 1032 non
1026 1013 1099 1032 cum
1124 1000 1204 1045 ipsis
1228 1013 1350 1044 corpo-

224 1060 325 1100 ribus,
349 1062 407 1093 sed
433 1062 632 1095 extrinsecus
656 1063 751 1095 factis
776 1063 839 1107 jam
866 1062 1067 1106 corporibus
1090 1061 1228 1094 inseruit
1251 1061 1350 1106 spiri-

224 1130 306 1162 tum,
330 1123 619 1169 pervidendumss)
651 1134 709 1157 est.
757 1125 828 1166 Ego
855 1124 991 1169 quidem
1016 1123 1169 1168 suspicor
1193 1123 1350 1156 extrinse-

226 1197 281 1216 cus
306 1185 466 1217 insertum
492 1198 560 1217 esse
585 1185 755 1230 spiritum,
781 1186 839 1218 sed
867 1198 988 1230 operae
1013 1184 1159 1229 pretium
1185 1184 1351 1217 videbitur
1402 1222 1404 1226 Α

225 1246 267 1277 de
292 1246 473 1290 Scripturis
498 1246 562 1279 hoc
587 1249 773 1280 ostendere.
821 1249 906 1280 Nam
930 1260 992 1291 per
1016 1246 1243 1292 conjecturam
1269 1246 1350 1279 faci-

228 1306 267 1339 lis
291 1308 427 1340 assertio
463 1321 530 1340 esse
563 1309 745 1341 videbitur:
777 1309 1026 1353 Scripturarum
1057 1317 1167 1340 autem
1198 1307 1351 1340 testimo-

227 1368 334 1413 niis⁷)
359 1370 475 1414 utique
501 1370 671 1402 difficilius
695 1371 889 1402 affirmatur.
938 1371 1023 1403 Nam
1054 1382 1116 1414 per
1141 1368 1350 1414 conjecturas

227 1429 271 1461 ita
295 1430 455 1474 possibile
481 1440 528 1463 est
553 1432 694 1464 ostendi.
741 1431 777 1464 Si
800 1430 945 1464 hominis
968 1430 1093 1469 anima,
1127 1443 1210 1474 quae
1233 1431 1351 1475 utique

228 1490 368 1523 inferior
393 1501 450 1532 est,
477 1493 556 1525 dum
580 1493 723 1525 hominis
747 1493 854 1525 anima
879 1501 938 1532 est,
963 1505 1032 1524 non
1058 1505 1132 1524 cum
1151 1491 1352 1536 corporibus

228 1552 360 1598 ficta‚⁸)
392 1554 450 1586 sed
481 1554 681 1587 extrinsecus
712 1554 849 1599 proprie
879 1554 1042 1598 probatur
1072 1553 1212 1594 inserta,
1242 1553 1350 1585 multo

229 1613 306 1658 (73)
331 1616 432 1658 magis
463 1629 580 1648 eorum
611 1616 842 1655 animantium,
876 1628 958 1660 quae
991 1613 1148 1660 coelestia
1181 1614 1353 1656 designan-
1403 1649 1404 1655 ἵ

229 1685 292 1708 tur.
339 1679 425 1710 Nam
450 1687 611 1723 quantum
641 1679 682 1710 ad
715 1677 866 1710 homines
897 1686 1039 1722 spectat,
1076 1677 1250 1721 quomodo
1275 1688 1351 1708 cum

327 1803 356 1846 ¹)
382 1803 486 1834 Deest
511 1805 589 1843 „ac“
621 1802 655 1834 in
692 1802 766 1833 edd.
800 1800 846 1832 Μ.
878 1820 918 1824 --
949 1801 1017 1833 Cfr.
1051 1800 1102 1832 ed.
1126 1799 1254 1843 Redep.
1280 1810 1352 1843 pag.

232 1847 306 1882 151.
330 1857 400 1880 not.
426 1847 455 1881 7.
550 1847 585 1891 ²)
610 1847 677 1880 Cfr.
702 1847 825 1879 Jerem.
851 1846 925 1885 Vll,
952 1845 1004 1879 18.

323 1904 356 1948 ³)
381 1903 437 1937 Sic
462 1903 543 1937 Mss,
566 1902 659 1935 Libri
684 1902 766 1934 editi
790 1902 836 1946 (v.
862 1914 888 1934 c.
915 1902 990 1934 edd.
1016 1900 1081 1943 M.)
1108 1913 1199 1942 „esse
1223 1912 1352 1932 merno-

231 1957 330 1981 ratur.
379 1949 483 1992 Quod
506 1949 533 1981 si
557 1949 716 1980 animatae
734 1957 809 1979 sunt
823 1946 948 1986 stellae,
974 1955 1007 1978 et
1027 1945 1257 1979 rationabiles:
1283 1946 1351 1977 sine

232 1994 357 2026 dubio“
384 2004 445 2027 etc.
471 1993 508 2026 R.
536 2011 576 2015 —
604 1993 672 2026 Cfr.
699 1993 750 2026 ed.
780 1992 908 2035 Redep.
931 2005 1002 2036 pag.
1029 1991 1104 2026 151.
1127 2000 1199 2023 not.
1225 1991 1276 2025 10.

323 2050 357 2094 ⁴)
381 2051 459 2083 Job.
483 2050 592 2089 XXV,
617 2050 646 2083 5.
743 2050 775 2092 5)
802 2049 886 2082 Gen.
912 2049 933 2089 l,
960 2046 1009 2082 16.

323 2106 356 2149 ⁶)
381 2106 513 2138 Desunt
537 2105 570 2138 in
595 2115 688 2137 antea
715 2104 810 2137 editis
835 2105 881 2148 (v.
905 2118 931 2138 c.
958 2104 1034 2136 edd.
1053 2103 1130 2144 NL),
1156 2102 1215 2134 sed
1231 2102 1353 2135 haben·

234 2161 286 2183 tur
310 2151 343 2183 in
368 2152 523 2183 omnibus
548 2151 626 2183 Mss.
653 2151 772 2182 verba:
799 2150 1063 2194 „pervidendum
1089 2150 1168 2180 est.“
1195 2148 1234 2180 R.

327 2208 360 2251 ⁷)
384 2207 440 2241 Sic
466 2207 543 2238 Mss.
569 2206 704 2239 Merlin.
731 2206 806 2250 (csr.
833 2206 883 2238 ed.
909 2206 955 2238 Μ.
980 2206 1022 2245 Ι.)
1050 2203 1264 2245 „testimonio
1287 2203 1354 2235 uti-

234 2256 331 2297 que.“
379 2252 584 2285 Genebrard.
611 2252 740 2295 (itemq.
757 2252 807 2284 ed.
823 2252 871 2284 M.
890 2251 949 2294 H.)
977 2248 1191 2290 „testimonio
1215 2248 1296 2280 uti.“
1314 2248 1350 2280 R.

282 2308 288 2313 ’
324 2309 358 2353 ²³)
383 2308 439 2342 Sic
464 2320 579 2340 ornnes
602 2307 680 2340 Mss.
709 2307 796 2340 Atias
821 2307 867 2350 (v.
885 2320 911 2340 c.
929 2306 963 2338 in
977 2306 1052 2339 edd.
1068 2305 1132 2350 M.)
1157 2305 1294 2346 „facta,“
1312 2304 1352 2336 R.
