1404 2463
416 130 461 153 DE
488 120 680 152 ancwus
703 119 815 151 Llssssn
844 118 868 150 Ι.
1161 119 1205 154 67

83 222 119 241 nx
145 222 206 254 qua
233 209 338 242 Filius
361 219 472 243 natus:
498 210 555 254 qui
580 221 641 254 per
668 208 777 240 omnia
793 207 901 248 imago
920 216 965 238 est
980 207 1097 247 Patris,
1122 221 1201 253 pro—

83 272 136 303 cul
162 271 264 304 dubio
291 272 390 304 otiam
422 270 577 304 bonitatis
611 270 679 316 ejus
710 269 947 301 convenienter
977 268 1084 310 imago
1110 270 1200 302 dice-

81 341 144 364 tur.
191 335 268 365 Non
293 333 380 365 enim
404 333 466 365 alia
490 332 599 376 aliqua
633 331 776 363 secunda
807 330 938 362 bonitas
972 329 1094 362 exsistit
1118 331 1151 363 in
1168 333 1200 376 ¹)

83 393 170 425 Filio
187 403 327 438 -praeter
350 407 433 432 eam,
457 407 540 438 quae
566 401 614 425 est
638 392 671 424 in
691 391 798 424 Patre.
837 391 933 424 Unde
960 399 992 423 et
1015 400 1106 424 recte
1130 392 1200 436 ipse

81 455 233 487 Salvator
257 455 289 487 iu
312 452 492 495 Evangelio
519 452 608 491 dicit,
632 452 790 497 quoniam
817 465 935 493 „nemo
949 452 981 495 ²)
1007 453 1114 485 bouus
1138 454 1200 487 nisi

83 528 164 548 uuus
188 516 279 548 Deus
302 516 446 548 Pater:“
484 527 550 558 quo
581 513 708 546 scilicet
741 527 801 557 per
832 514 896 545 hoc
920 513 1121 556 intelligatur
1144 515 1200 548 Fi-

83 576 145 608 lius
170 590 236 609 non
262 589 329 609 esse
355 575 489 608 alterius
512 575 688 615 bonitatis,
711 575 770 607 sed
795 574 884 606 illius
908 574 1029 614 solius,
1059 589 1142 619 quae
1166 577 1199 609 in

84 638 178 670 Patre
195 647 258 670 est:
282 637 374 681 cujus
393 641 482 669 recte
500 637 608 678 imago
626 636 824 680 appellatur,
851 635 925 679 quia
943 648 1050 680 neque
1063 637 1198 670 aliunde

81 708 141 738 ost,
163 698 225 730 nisi
250 712 287 731 ex
311 699 380 742 ipsa
411 697 590 743 principali
618 697 786 737 bonitate,
816 710 856 728 ne
888 697 990 730 altera
1021 698 1152 732 bonitas
1165 701 1199 745 3)

81 772 177 803 quam
203 772 258 799 ea,
291 772 373 803 quae
405 759 438 792 in
464 760 560 792 Patre
587 767 652 799 est,
681 758 832 791 videatur
865 757 896 790 in
926 758 1030 792 Filio,
1080 761 1197 806 Neque

78 820 187 864 ¹iliqua
212 820 468 862 dissimilitudo,
500 830 555 854 aut
586 820 739 853 distantia
771 819 929 852 honitatis
960 820 993 852 in
1025 821 1114 854 Filio
1141 832 1198 856 est·

79 881 224 926 Propter
254 883 345 926 quod
377 896 445 915 non
477 883 577 915 debet
609 882 702 914 velut
732 880 957 925 blasphemiae
982 883 1119 927 aliquod
1144 897 1199 926 ge-

77 955 137 974 nus
162 943 271 987 putari
294 943 327 976 in
352 957 404 983 e0,
429 944 518 989 quod
544 944 669 976 dictum
691 952 760 976 est:
794 943 922 983 „Nemo
938 942 971 988 4)
1003 944 1111 976 bonus
1136 946 1200 978 nisi

78 1017 161 1036 unus
192 1005 285 1037 Deus
316 1005 461 1037 Pater:“
493 1014 530 1037 ut
567 1014 747 1049 propterea
779 1013 917 1048 putetur
952 1005 1005 1036 vel
1037 1005 1198 1048 Christus,

79 1066 131 1098 vel
157 1066 299 1110 Spiritus
324 1076 452 1099 sanctus
476 1067 598 1108 negari,
624 1067 715 1111 quod
740 1068 848 1098 bonus
872 1065 936 1107 sit3
959 1067 1016 1098 sed
1040 1077 1077 1099 ut
1099 1081 1198 1113 supe-

77 1128 143 1160 rius
168 1127 319 1168 diximus,
344 1127 535 1172 principalis
558 1128 689 1160 bonitas
713 1127 746 1159 in
769 1127 845 1159 Deo
870 1126 1039 1160 sentienda
1063 1138 1110 1161 est
1134 1129 1197 1162 Pa-

79 1198 139 1228 tre,
167 1202 202 1221 ex
229 1202 295 1233 quo
323 1190 373 1221 vel
394 1190 425 1233 ⁵)
450 1189 557 1222 Filius
582 1198 696 1228 natus,
719 1188 771 1220 vel
796 1187 940 1232 Spiritus
964 1198 1093 1222 sanctus
1117 1204 1199 1235 pro-

79 1251 215 1290 cedens,
239 1250 308 1283 sine
334 1251 436 1283 dubio
461 1250 618 1283 bonitatis
651 1251 720 1296 ejus
750 1259 899 1282 naturam
924 1250 957 1281 in
982 1263 1015 1282 se
1040 1252 1199 1296 refert,⁶)

78 1324 163 1355 quae
196 1321 244 1344 est
274 1312 307 1344 in
338 1325 378 1344 eo
411 1312 522 1351 fonte,
554 1312 595 1344 de
627 1324 693 1356 quo
725 1311 779 1343 vel
803 1320 898 1343 natus
924 1320 971 1343 est
995 1312 1120 1353 Filius,
1144 1315 1197 1346 vel

77 1373 276 1417 procedit7)
307 1372 451 1417 Spiritus
481 1382 620 1407 sanctus.
672 1374 748 1406 Jam
782 1384 860 1404 vero
885 1371 920 1404 si·
937 1385 1000 1416 qua
1023 1374 1086 1406 alia
1109 1376 1198 1408 bona

79 1543 174 1589 θεὸς,
199 1544 274 1579 ἀλλ’
302 1545 343 1580 οὐ
369 1548 451 1592 περὶ
475 1538 518 1580 οἷν
541 1547 633 1590 λέγει
661 1542 766 1582 αὐτὸς
792 1542 809 1577 ὁ
836 1544 1007 1588 Χριστός·
1034 1548 1115 1587 ,,ἳ’να
1137 1561 1199 1592 2²¹-

79 1590 245 1624 νώσκωσί
279 1602 318 1625 σε
355 1590 418 1625 τὸν
455 1590 573 1636 μόνον
607 1588 782 1642 ἀληθινὸν
816 1587 936 1624 θ-εόν.“
977 1591 1044 1635 (ev.
1078 1592 1198 1625 Joann.

80 1636 190 1674 XVII,
214 1635 262 1679 3.)
288 1634 398 1673 οὕτως
421 1636 526 1670 εἰκών
550 1635 791 1680 ἄγαθοτητος,
819 1634 891 1668 ἀλλ’
920 1634 985 1679 οὐχ
1008 1635 1055 1675 ὡς
1079 1636 1097 1671 ὁ
1122 1652 1198 1672 71oe—

80 1681 143 1724 ⁷5²9
167 1679 447 1724 ἀπαραλλάκτως
472 1680 619 1726 ἁγαθός.
646 1681 684 1712 R.
701 1699 741 1704 —
757 1679 825 1712 Csr.
851 1680 901 1713 ed.
927 1680 1055 1725 Redep.
1079 1684 1198 1727 pag.5‚

79 1734 149 1758 not.
173 1725 204 1758 5.
230 1726 281 1760 11.
306 1726 357 1761 13.
384 1727 463 1762 coll.
488 1726 590 1772 ejusd.
618 1725 674 1757 lib.
700 1737 772 1768 pag.
798 1723 871 1759 120.
896 1734 966 1761 not.
989 1726 1044 1759 20,

175 1782 206 1824 ¹)
232 1780 288 1814 Sic
312 1782 390 1815 Mss.
415 1783 505 1815 Alias
531 1784 576 1827 (v.
597 1795 622 1814 c.
642 1781 673 1813 in
690 1781 764 1812 edd.
782 1780 848 1825 M.)
875 1780 929 1822 „in
953 1781 1078 1815 Filium
1104 1795 1198 1828 prae-

83 1835 132 1856 ter
155 1838 237 1864 eam,
261 1839 344 1870 quae
370 1837 417 1859 est
441 1841 458 1860 a
483 1827 676 1860 Patref‘l't.

169 1883 203 1924 ²)
230 1881 297 1914 Cfr.
325 1883 443 1916 Manli.
466 1884 566 1923 XlX,
599 1882 650 1917 17.
683 1882 787 1914 Marc.
809 1882 858 1924 Χ,
892 1881 944 1916 18.
966 1883 1047 1915 Luc.
1071 1883 1199 1923 XVIII,

83 1926 132 1960 19.
160 1926 239 1958 coll.
265 1927 314 1958 cd.
341 1927 468 1972 Redep.
492 1942 563 1972 pag.
589 1927 663 1962 120.
690 1935 759 1958 not.
784 1927 836 1961 26.

173 1985 206 2026 ³)
232 1982 288 2015 Sic
313 1983 391 2015 Mss.
418 1983 506 2016 Alias
538 1988 585 2028 (v.
610 1997 637 2017 c.
661 1982 694 2014 in
721 1982 797 2015 edd.
823 1983 889 2027 M.)
923 1983 1072 2023 „bonitas
1098 1996 1198 2028 quam

81 2028 114 2059 in
138 2037 241 2071 patre,
267 2041 335 2059 esse
360 2028 512 2060 videatur
533 2029 566 2060 in
589 2028 693 2061 filio.“
719 2028 759 2060 R.

174 2084 206 2127 ⁴)
232 2084 300 2117 Cfr.
330 2084 446 2116 Matth.
470 2084 570 2123 XlX,
601 2083 652 2118 17.
684 2084 788 2116 Marc.
812 2084 866 2124 X,
898 2083 949 2118 18.
973 2084 1051 2116 Luc.
1076 2083 1198 2125 XVIII,

83 2129 130 2161 ll).
160 2129 237 2161 coll.
264 2129 433 2161 Exhortat.
458 2129 498 2160 ad
523 2129 659 2174 Martyr.
684 2141 774 2161 num.
799 2129 829 2162 7.

173 2186 206 2228 ⁵)
232 2185 318 2217 Edd.
346 2185 392 2216 M.
419 2193 472 2225 „et
498 2184 585 2216 filius
611 2193 715 2223 natus,
740 2193 770 2216 ct
795 2184 950 2228 spiritus“
978 2194 1039 2218 etc.

173 2241 208 2284 ὃ)
231 2240 288 2273 Sic
311 2240 391 2273 Mss.
414 2239 504 2272 Alias
527 2241 574 2284 (ν.
598 2240 632 2272 in
658 2241 732 2273 edd.
758 2240 824 2284 Μ.)
850 2241 1044 2283 „retinent.“
1069 2241 1109 2274 R.

174 2297 206 2339 ⁷)
232 2295 288 2329 Sic
312 2297 392 2330 Mss.
420 2295 507 2329 Alias
533 2296 578 2341 (v.
605 2309 631 2328 c.
656 2295 688 2328 in
714 2296 790 2329 edd.
815 2297 881 2341 M.)
907 2298 1145 2342 „procedens.“
1160 2297 1197 2330 R.

885 2358 939 2391 5*
