1404 2463
210 60 272 95 140
683 63 857 96 Omems

205 162 272 181 sam
306 151 494 195 variamque
531 152 810 195 permutationem
846 152 1028 197 recipi-affl)
1053 162 1167 187 natura
1199 168 1320 199 corpo-

205 224 276 251 rea,
314 212 358 244 ita
392 221 429 244 ut
465 212 570 256 possit
605 227 641 245 ex
674 214 828 246 omnibus
857 214 889 246 in
927 214 1037 246 omnia
1075 216 1318 249 transformari:

204 274 305 312 sieut,
339 274 431 306 verbi
456 275 555 316 gratia
581 275 735 315 dixerim,
760 276 885 318 lignum
910 275 943 307 in
968 276 1077 317 ignem
1104 277 1262 317 vertitur,
1287 287 1320 310 et

205 334 286 375 ignis
309 335 343 367 in
367 336 516 376 fumum}
547 346 580 369 et
610 338 720 370 fumus
743 338 777 370 in
801 342 920 369 aerem.
969 338 1036 370 Sed
1062 347 1094 369 et
1118 338 1185 370 olei
1208 338 1321 383 liquor

203 395 237 427 in
268 397 377 438 ignem
407 407 563 431 mutatur.
610 399 712 431 Escae
744 411 876 444 quoque
909 398 1015 442 ipsae,
1052 399 1104 431 vel
1136 399 1321 441 hominum,

204 456 256 489 vel
286 458 497 500 animalium,
532 473 642 492 nonne
667 462 806 493 eandem
830 459 1085 504 permutationis
1110 473 1241 493 causam
1264 462 1321 493 de-

203 519 351 552 clarant?
388 521 472 552 Nam
513 522 736 566 quodcunque
773 522 856 554 illud
893 531 958 562 est,
997 522 1087 566 quod
1120 535 1181 566 per
1210 522 1319 555 cibum

202 581 433 621 sumserimus,
457 582 490 614 in
517 582 667 626 corporis
692 584 797 615 nostri
821 583 1035 616 substantiam
1062 583 1212 618 vertitur.
1251 584 1319 617 Sed

203 650 235 673 et
259 642 401 686 qualiter
432 656 515 688 aqua
547 653 693 676 mutetur
704 645 737 688 ²)
762 644 794 676 in
821 654 960 684 terram,
996 645 1047 677 vel
1072 645 1105 677 in
1130 650 1258 685 aerem,
1288 654 1321 678 et

202 708 259 736 aer
284 717 393 736 rursus
418 704 450 736 in
468 704 595 746 ignem,
622 706 673 736 vel
690 705 773 746 ignis
790 705 822 737 iu
841 710 968 746 aerem,
995 707 1045 738 vel
1065 713 1122 740 aer
1138 707 1172 740 in
1190 720 1320 752 aquam,

202 765 350 808 quamvis
381 766 494 808 nou3)
526 766 568 798 sit
598 767 778 799 difficultas
812 780 998 812 exponere,
1031 778 1142 801 tamen
1167 768 1202 801 in
1226 782 1321 813 prae-

200 827 285 859 senti
311 828 387 859 loco
419 840 456 859 ea
480 827 602 860 sufficit
632 830 864 861 tantummodo
891 843 1168 863 commemorasse
1195 830 1322 863 volenti

202 888 386 932 corporalis
410 888 566 920 materiae
591 889 755 922 discutere
779 891 952 924 rationem.
991 892 1167 924 Materiam
1183 891 1216 935 ι)
1241 905 1318 934 ergo

199 950 434 992 intelligimus,
460 963 543 994 quae
568 950 716 995 subjecta
740 960 789 983 est
812 952 1028 996 corporibus,
1052 953 1088 985 id
1112 963 1178 993 est,
1201 966 1239 985 ex
1257 966 1320 997 qua

199 1011 312 1044 inditis
335 1021 434 1056 atque
458 1011 586 1044 insertis
610 1012 822 1056 qualitatibus
848 1027 991 1058 corpora
1014 1015 1204 1047 subsistunt.
1229 1013 1321 1057 Qua-

201 1074 309 1106 litates
333 1083 445 1105 autem
470 1082 613 1117 quatuor
636 1073 797 1106 dicimus:
822 1075 982 1114 calidam,
997 1076 1029 1118 ⁵)
1054 1075 1226 1117 frigidam,
1248 1075 1322 1108 ‘ari—

200 1135 304 1174 dam,-
326 1135 507 1167 humidam.
555 1134 650 1177 Quae
663 1135 695 1179 6)
721 1145 864 1180 quatuor
894 1136 1066 1181 qualitates
1098 1136 1179 1185 ὕλῃ,
1212 1137 1249 1169 id
1271 1146 1320 1170 est

198 1196 374 1235 materiae,
398 1196 557 1236 insertae,
583 1197 656 1241 quia
682 1198 818 1230 materia
843 1199 978 1243 propria
1002 1199 1130 1232 ratione
1154 1207 1243 1231 extra
1264 1198 1320 1232 has

200 1270 270 1290 csse
300 1257 480 1297 iuvenitur,
515 1271 594 1302 quas
630 1272 728 1303 supra
768 1259 908 1292 diximus
948 1260 1140 1305 qualitates,
1177 1260 1320 1293 diversas

201 1332 382 1363 corporum
414 1319 541 1363 species
573 1320 730 1353 efficiunt.
780 1322 872 1353 Haec
902 1331 1012 1354 tamen
1043 1322 1181 1354 materia
1205 1335 1319 1366 quam-

201 1382 264 1422 vis,
301 1390 337 1413 ut
367 1393 465 1425 snpra
496 1381 653 1420 diximus,
687 1383 867 1414 secundum
899 1396 992 1415 suam
1022 1383 1192 1428 propriam
1217 1383 1319 1416 ratio-

200 1456 275 1474 nem
308 1443 378 1475 sine
410 1443 622 1487 qualitatibus
659 1443 719 1482 sit,
755 1444 970 1488 nunquan‘17)
1002 1455 1111 1477 tamen
1141 1445 1319 1477 subsistere

201 1514 289 1536 extra
328 1504 519 1548 qualitatem
556 1504 731 1537 invenitur.
779 1506 872 1537 Hanc
904 1520 980 1547 crgo
1013 1506 1202 1546 materiam,
1236 1520 1320 1551 quae

200 1576 287 1598 tanta
317 1575 349 1598 ct
375 1566 448 1598 talis
473 1576 538 1604 cst,
573 1575 610 1597 ut
640 1566 793 1598 sufficere
821 1568 861 1599 ad
889 1568 999 1599 omnin
1023 1568 1140 1600 mundi
1164 1581 1317 1612 corpora,

200 1641 283 1673 quae
315 1642 383 1660 esse
409 1629 501 1660 Deus
532 1628 657 1671 voluit,
690 1638 804 1671 queat,
835 1639 867 1662 et
899 1629 1066 1662 conditori
1090 1630 1130 1662 ad
1156 1642 1317 1674 quascun-

296 1820 325 1862 ¹)
350 1819 436 1851 Edd.
462 1819 510 1850 M.
538 1818 729 1862 „accipiat.“

292 1877 326 1920 ²³)
353 1876 399 1907 lta
425 1874 501 1906 Mss.
529 1875 618 1906 Alias
643 1876 688 1918 (v.
715 1888 742 1909 c.
768 1875 800 1906 in
825 1875 900 1906 cdd.
928 1875 990 1918 M.)
1019 1879 1217 1916 „mutatu=·.“
1243 1876 1282 1908 R.

292 1932 325 1974 ³)
351 1931 405 1964 Sic
431 1931 508 1962 Mss.
543 1930 633 1962 Alias
666 1931 711 1973 (v.
745 1944 771 1962 c.
795 1930 828 1962 in
854 1931 928 1963 edd.
955 1932 1018 1972 M.)
1046 1945 1134 1973 „non
1165 1931 1206 1963 sit
1229 1932 1317 1964 diff·-

201 1976 264 2009 cile
290 1978 487 2020 expone1·e.“
515 1976 553 2008 R.
579 1996 621 1999 —
652 1976 719 2008 Cfr.
746 1976 795 2008 ed.
823 1976 948 2020 Redep.
975 1990 1046 2020 pag.
1074 1977 1146 2013 163.
1170 1985 1239 2012 not.
1265 1977 1315 2010 12.

292 2034 324 2074 ⁴)
351 2033 419 2065 Cfr.
451 2032 503 2063 ed.
535 2031 662 2075 Redcp.
694 2044 767 2075 pag.
795 2031 867 2066 163.
892 2042 962 2065 not.
989 2032 1039 2066 14.
1073 2033 1150 2065 coll.
1176 2033 1316 2065 Platone

200 2078 233 2110 in
258 2078 398 2110 Timaeo
423 2089 494 2120 pag.
520 2076 573 2109 49.

291 2134 322 2175 ⁵)
350 2133 417 2166 Cfr.
444 2133 495 2165 ed.
522 2133 647 2176 Rode-p.
673 2145 744 2176 pag.
771 2133 843 2167 163.
867 2143 937 2165 not.
964 2133 1014 2167 17.

291 2190 322 2232 ⁵)
348 2189 433 2221 Edd.
448 2189 495 2221 Μ.
516 2212 531 2228 „
556 2188 633 2220 hiae
652 2198 794 2232 quatuor
811 2202 827 2220 c
842 2189 999 2232 qualitate
1016 2188 1107 2233 ὕλης,
1126 2189 1160 2222 id
1173 2192 1241 2222 est“
1252 2198 1314 2222 ete.

295 2245 325 2290 7)
352 2244 420 2277 Cfr.
446 2246 496 2278 ed.
522 2245 649 2287 Redep.
674 2256 745 2288 pag.
771 2243 842 2279 163.
869 2253 937 2276 not.
963 2243 1016 2279 23.
