1404 2463
393 84 439 106 DE
463 73 656 106 Pamcmrs
682 72 791 104 Lmen
818 72 858 104 11.
1131 71 1196 106 143

79 165 158 196 dens
187 162 314 207 haec')
345 163 446 202 scito,
477 161 596 206 quia²)
621 161 714 193 Dens
745 160 824 192 haec
855 161 984 199 omnia,
1021 173 1096 192 cum
1126 174 1194 194 non

79 234 204 264 essent,
240 224 352 257 fecit.“
399 224 466 257 Sed
497 232 529 255 et
558 222 591 254 in
621 221 708 254 libro
734 221 879 255 Pastoris
909 222 943 253 in
966 221 1078 265 primo
1103 235 1195 254 man-

79 287 157 319 dato
187 286 232 319 ita
259 286 320 318 ait:
355 284 490 326 „Primo
504 281 537 326 ³)
563 282 713 315 omnium
745 284 860 323 crede,
889 282 967 328 qui-2
983 282 1016 326 ⁴¹)
1039 297 1124 315 unus
1148 293 1196 315 est

77 348 189 387 Deus,
213 347 270 392 qui
294 346 405 379 omnia
429 345 550 378 creavit
573 354 671 389 atque
695 344 903 388 composuit,
928 354 959 376 et
982 343 1063 376 fecit
1088 358 1124 376 ex
1144 358 1197 385 eo⁷

79 410 171 453 quod
201 408 284 441 nihil
318 416 404 448 erat,
436 416 473 439 ut
506 416 612 438 essent
640 406 824 440 universa.“
873 406 1038 438 Fortassis
1067 406 1107 437 ad
1131 406 1196 437 hoe

78 469 214 514 respicit
254 468 352 501 etiam
393 467 498 507 illud,
546 468 638 512 quod
679 467 712 499 in
752 468 892 500 Psalmis
930 467 1089 511 scriptum
1130 476 1197 502 est:

80 529 191 573 „Quia
203 530 235 573 ⁵)
260 529 330 573 ipse
354 529 453 568 dixit,
478 538 510 561 et
527 529 611 561 facta
629 538 719 561 sunt:
744 529 815 573 ipse.
832 528 1017 568 mandavit,
1041 537 1073 560 et
1089 537 1195 560 creata

78 594 185 623 sunt.“
223 591 308 622 Nam
332 591 422 634 quod
450 590 512 622 ait:
539 590 648 633 „Quia
660 591 694 634 6)
710 590 781 634 ipse
801 590 898 629 dixit,
924 599 956 622 et
974 591 1058 622 facta
1075 593 1193 621 sunt:“

80 652 212 684 videtur
247 652 422 684 ostendere
457 641 670 684 substantiam
707 652 772 684 dici
809 665 943 693 eorum,
986 664 1069 696 quae
1104 660 1198 692 sunt;

80 714 171 757 quod
197 726 274 745 vero
298 713 361 745 ait:
394 713 652 757 „Mandavit‚⁷)
680 723 712 746 et
742 723 849 746 creata
873 716 993 746 sunt:“
1031 713 1072 745 de
1094 712 1199 756 quali-

79 774 199 807 tatibus
224 775 350 807 dictum
374 775 523 814 videtur,
549 775 668 819 quibus
693 776 870 808 substantia
892 776 961 819 ipsa
978 775 1119 806 formata
1139 783 1196 805 est.

343 1066 543 1106 CAPUT
594 1066 935 1108 SECUNDUM.

294 1165 346 1196 DC
378 1165 601 1210 ΡΟΓΡΘὶΠίῘᾶῙΒ
635 1178 819 1210 corporeae
849 1174 993 1197 naturae.

172 1254 201 1288 1.
233 1254 308 1286 Hoc
333 1253 366 1286 in
391 1255 467 1286 loco
493 1268 650 1299 quaerere
673 1255 783 1287 solent
807 1255 954 1299 quidam,
979 1263 1091 1286 utrum
1115 1255 1199 1287 sicut

81 1315 265 1357 ingenitum
304 1316 430 1348 Filium
467 1325 600 1358 generat
629 1316 745 1356 Pater,
783 1325 816 1348 et
846 1315 1009 1360 Spiritum
1048 1326 1198 1349 sanctum

81 1377 229 1421 profert,
260 1390 327 1409 uon
357 1377 450 1421 quasi
474 1377 531 1421 qui
554 1386 628 1409 ante
652 1390 720 1410 non
746 1387 833 1416 erat,
865 1378 922 1410 sed
948 1378 1023 1421 quia
1049 1377 1143 1419 origo
1170 1387 1202 1410 et

82 1439 157 1470 fons
184 1438 265 1470 Filii
300 1438 354 1470 vel
378 1437 520 1482 Spiritus
553 1438 654 1471 sancti
680 1439 778 1471 Pater
806 1448 871 1478 est,
908 1449 941 1471 et
973 1439 1056 1471 nihil
1086 1440 1119 1472 in
1150 1440 1200 1472 his

81 1498 225 1530 anterius
239 1498 272 1541 8)
295 1499 502 1543 posteriusve
535 1499 674 1541 intelligi
707 1509 834 1544 potest:
874 1500 916 1532 ita
943 1501 1040 1533 ctiam
1066 1501 1153 1534 inter
1167 1502 1200 1545 ⁹)

81 1559 294 1592 rationabiles
318 1570 466 1600 naturas,
491 1570 524 1592 et
550 1560 721 1593 materiam
740 1562 951 1605 corporalem
967 1562 1084 1594 similis
1102 1576 1202 1607 quae-

85 1622 159 1653 dam
184 1621 338 1661 societas,
364 1621 416 1653 vel
439 1622 672 1666 propinquitas
688 1622 794 1666 possit
814 1622 964 1664 intelligi.
1002 1623 1114 1666 Quam
1132 1638 1201 1656 rem

84 1692 120 1714 ut
145 1682 276 1726 plenius
299 1692 398 1727 atque
422 1683 580 1716 intentius
602 1683 818 1725 investigent,
842 1683 923 1716 illuc
947 1685 1056 1717 solent
1072 1685 1202 1718 initium

182 1838 212 1881 ¹)
237 1838 324 1872 Edd.
349 1839 397 1871 M.
425 1839 542 1880 „l10c.“
637 1840 671 1884 ²)
696 1839 757 1872 Ed.
782 1838 830 1873 M.
855 1841 897 1874 II.
923 1842 1066 1885 „quod.«

177 1894 211 1934 ³)
239 1894 305 1927 Cfr.
326 1894 469 1927 Hermae
493 1896 579 1929 Past.
605 1896 662 1929 vis.
688 1897 727 1929 V.
752 1897 862 1928 mand.
888 1897 940 1930 12.

178 1949 212 1993 Α)
236 1949 299 1983 Ed.
324 1950 374 1982 M.
394 1951 442 1983 11.
469 1952 613 1995 „qu0d.“
709 1952 742 1995 ⁵)
768 1952 889 1986 Psalm.
916 1953 1097 1991 CXLVIII,
1121 1954 1151 1987 5.

181 2007 214 2050 6)
240 2005 361 2038 Psalm.
387 2005 566 2047 CXLVIII,
590 2008 620 2041 5.
716 2006 748 2051 7)
775 2007 894 2041 Psalm.
921 2008 1102 2049 CXLVIII,
1127 2011 1158 2048 5,

178 2062 212 2105 8)
238 2061 306 2094 Cfr.
334 2062 384 2094 ed.
409 2063 536 2107 Redep.
561 2076 634 2107 pag.
661 2062 735 2097 165.
761 2073 831 2096 not.
856 2064 909 2099 28.

182 2118 215 2161 ⁹)
241 2119 277 2149 In
302 2127 396 2150 antea
421 2118 517 2150 editis
542 2122 587 2161 (v.
613 2132 638 2151 c.
666 2119 740 2152 edd.
760 2120 824 2165 M)
851 2122 968 2153 desunt
992 2123 1107 2153 verba:
1134 2121 1204 2161 „in-

88 2172 139 2194 ter
161 2162 373 2194 rationabiles
397 2169 564 2208 noturasf⁵
599 2173 631 2196 et
654 2164 788 2207 insuper
812 2179 891 2209 pro:
923 2166 1098 2206 „similis‚“
1126 2166 1204 2207 legi-

89 2216 160 2239 tur:
199 2208 349 2248 „simulf‘
387 2208 423 2240 R.
451 2229 489 2233 --
525 2209 610 2241 Edd.
635 2209 681 2241 M.
721 2209 793 2249 „ita
825 2211 922 2243 etiam
960 2212 1000 2243 ad
1031 2212 1202 2244 materiam

91 2253 299 2296 corporalem
324 2252 421 2285 simul
447 2256 632 2298 quaedam«
661 2263 722 2286 etc.
