1404 2463
398 135 444 159 DE
470 125 666 160 Pmscn’ns
692 125 803 158 Lmen
830 125 886 159 lv.
1151 125 1216 159 441

85 214 234 260 reputari
259 220 354 255 onus,
378 214 403 247 si
428 214 653 247 calceamenta
677 213 751 258 quis
775 214 894 246 babeat
910 213 980 246 sine
999 213 1112 254 clavis,
1135 227 1220 247 onus

85 289 166 309 vero
191 289 273 316 esse,
297 277 324 310 si
349 276 507 318 caligulas
530 275 604 320 quis
629 288 705 307 curn
732 275 833 308 clavis
857 275 1029 308 habuerit:
1053 285 1085 308 et
1102 275 1129 308 si
1148 276 1221 320 qui-

85 338 163 370 dem
187 350 286 382 supra
310 350 415 370 unum
439 337 616 370 humerum
642 335 771 381 aliquid
795 335 1000 381 portaverit,
1024 349 1108 369 onus
1133 336 1221 383 judi-

86 407 178 440 cant3
204 398 231 431 si
256 411 337 431 vero
361 411 461 443 supra
485 408 679 442 utrumque,
702 399 871 440 negabunt
897 410 965 432 esse
991 411 1085 431 onus.

175 459 227 494 18.
272 461 348 492 Jam
379 472 459 492 vero
493 459 520 491 si
544 459 643 491 etiam
678 460 720 491 de
744 459 935 501 Evangeliis
959 459 1083 492 similia
1106 460 1220 504 requi-

83 532 212 560 ramus,
252 521 428 564 quomodo
464 532 532 552 non
557 519 725 552 videbitur
748 521 949 561 absurdum,
981 520 1007 553 si
1032 522 1218 554 secundum

85 581 217 614 literam
241 568 405 614 sentiatui=
429 582 522 625 quod
548 581 684 613 dicitur:
719 581 920 622 „Neminem
937 582 967 626 ¹)
993 581 1026 615 in
1051 582 1103 616 via
1130 584 1218 616 salu-

83 641 284 689 taveritis?“
324 642 400 675 Hoc
432 642 519 675 enim
552 651 671 687 putant
701 641 926 686 simpliciores
951 643 1076 689 quique
1102 645 1218 678 Salva-

83 712 196 736 torem
226 712 380 736 nostrum
414 703 578 747 apostolis
601 703 823 748 praecepisse.
871 704 940 737 Sed
966 714 998 737 et
1021 705 1108 738 illud
1133 719 1218 751 quo-

83 765 190 797 modo
214 764 378 809 possibile
402 764 573 796 videbitur
597 764 785 804 observari,
817 764 850 797 in
876 765 926 798 his
957 767 1140 812 praecipue
1165 769 1217 802 lo-

85 826 144 866 cis,
167 826 226 858 ubi
251 826 412 858 acerrima
437 825 553 871 hyems
574 825 782 869 gelicidiis²)
808 835 858 858 est
881 836 913 859 et
937 840 1054 872 aspera
1078 830 1219 874 pruinis,

83 895 123 919 ut
146 900 255 932 neque
281 888 361 920 duas
386 887 525 927 tunicas,
548 900 657 932 neque
684 887 908 920 calceamenta
932 888 1006 932 quis
1022 880 1145 924 ha'bere
1163 892 1221 924 de-

85 948 187 982 beat?
211 949 280 982 Sed
306 958 339 981 et
363 949 459 987 illud,
485 951 577 992 quod
602 948 634 980 in
661 949 830 981 dexteram
857 949 932 993 quis
955 951 1124 984 maxillam
1142 966 1219 997 per-

85 1023 198 1044 cussus
235 1011 398 1054 praebere
432 1009 531 1041 etiam
563 1009 727 1042 sinistram
761 1008 963 1053 jubetur,³)
1003 1024 1080 1044 cum
1111 1014 1220 1047 omnis

86 1071 144 1116 qui
177 1071 325 1115 percutit
356 1072 470 1103 dextra
495 1084 612 1110 manu,
646 1071 811 1103 sinistram
836 1071 1003 1116 percutiat
1027 1074 1221 1110 maxillam?

86 1132 155 1165 Sed
190 1141 222 1165 et
252 1132 340 1165 illud
373 1133 414 1164 de
447 1131 715 1176 impossibilibus
747 1133 938 1165 habendum
964 1143 1030 1175 est,
1068 1137 1159 1181 quod
1184 1137 1220 1170 in

85 1193 271 1235 Evangelio
296 1193 457 1238 scriptum
472 1193 505 1237 ⁴)
532 1202 599 1233 est,
623 1203 661 1226 ut
684 1194 711 1226 si
733 1195 854 1227 voculus
879 1196 995 1228 dexter
1017 1198 1221 1231 scandaliza-

86 1255 172 1288 verit
196 1264 247 1295 te,
272 1264 424 1288 eruatur:
456 1254 533 1299 quia
559 1254 658 1287 etiam
683 1255 711 1287 si
735 1269 901 1300 ponamus
926 1258 1020 1301 quod
1045 1259 1087 1291 de
1111 1260 1219 1293 oculis

87 1316 274 1349 carnalibus
299 1316 428 1349 dictum
455 1326 512 1355 est,
539 1317 714 1360 quomodo
741 1330 948 1362 consequens
967 1318 1148 1361 videbitur,
1172 1331 1220 1364 ut,

88 1379 190 1410 oculo
215 1388 363 1422 utroque
389 1386 563 1417 cernente,
588 1378 630 1409 ad
655 1391 760 1409 unum
785 1378 932 1410 scandali
958 1380 1074 1424 culpa,
1099 1391 1132 1414 et
1157 1383 1221 1416 hoc

87 1440 129 1472 ad
160 1440 315 1472 dextrum
350 1438 537 1472 referatur?
576 1441 643 1471 Aut
672 1438 747 1483 quis
772 1449 863 1471 extra
887 1440 1069 1474 maximum
1094 1443 1221 1477 crimen

85 1500 265 1533 habebitur
294 1500 367 1544 ipse
400 1500 464 1532 sibi
497 1501 644 1533 inferens
677 1500 818 1533 manus?
853 1501 922 1534 Sed
954 1502 1106 1536 fortassis
1131 1514 1221 1539 extra

85 1561 166 1594 haec
192 1561 396 1594 videbuntur
420 1574 490 1593 esse
515 1561 632 1594 literae
657 1561 755 1594 Pauli
781 1562 939 1606 apostoli.
985 1564 1030 1596 Et
1055 1565 1137 1610 quid
1161 1576 1222 1608 est,

88 1624 182 1668 quod
208 1622 307 1655 dicit:
346 1622 641 1667 „Circumcisus⁵)
665 1623 785 1668 aliquis
811 1634 949 1657 vocatus
975 1625 1046 1659 est?
1069 1640 1137 1660 non
1162 1630 1221 1661 ad-

88 1685 188 1717 ducat
221 1683 470 1728 praeputium.“
520 1683 625 1726 Quod
656 1684 767 1728 primo
800 1685 957 1728 quidem,
995 1686 1022 1718 si
1047 1687 1121 1732 quis
1145 1689 1223 1721 dili-

87 1745 217 1788 gentius
255 1744 463 1784 consideret,
498 1758 567 1777 non
601 1745 732 1777 videtur
762 1746 801 1777 ad
837 1758 873 1777 ea
899 1746 1045 1788 dictum,
1081 1762 1166 1793 quae
1191 1750 1222 1783 ei

87 1806 264 1851 proposita
297 1805 332 1838 in
357 1805 509 1838 manibus
535 1806 756 1838 habebantur:
787 1819 899 1839 sermo
925 1820 1070 1853 namque
1096 1810 1126 1843 ei
1153 1822 1222 1845 erat

88 1869 130 1900 de
154 1868 282 1913 nuptiis
309 1876 343 1900 et
367 1867 517 1900 castitate
541 1867 763 1912 praecipiens,
789 1877 822 1900 et
839 1868 1043 1903 videbuntur
1054 1872 1088 1916 6)
1105 1873 1222 1917 utiquc

184 1982 217 2024 ¹)
242 1981 322 2013 Luc.
348 1980 391 2018 X,
414 1979 447 2012 4.

183 2035 217 2078 ²)
243 2035 301 2068 Sic
325 2036 405 2069 Mss.
430 2035 523 2067 Editi
546 2048 625 2068 vero
653 2036 699 2079 (v.
727 2048 753 2068 c.
772 2037 849 2071 edd.
868 2038 931 2082 Me)
951 2038 1048 2080 „gelu
1075 2048 1107 2071 et
1130 2040 1224 2084 prui-

91 2080 152 2120 nis,
176 2084 234 2112 ιιῑ“
260 2090 322 2113 εις.
349 2081 388 2113 R.
415 2100 456 2106 —-
482 2081 603 2113 Matth.
627 2080 670 2120 X,
698 2081 750 2114 10.
903 2081 908 2085 “

182 2137 217 2180 3)
244 2135 312 2167 Cfr.
338 2135 460 2168 Matth.
483 2135 525 2175 V,
550 2135 602 2170 39.
697 2138 730 2180 ⁶²)
758 2137 828 2170 Cfr.
852 2139 973 2173 Mani».
999 2139 1038 2178 V,
1063 2141 1116 2175 29.

185 2191 218 2235 5)
245 2191 314 2224 Cfr.
339 2190 353 2222 I
378 2191 459 2228 Cor.
486 2192 560 2231 Vll,
587 2191 638 2226 18.

185 2247 219 2289 ⁶)
247 2246 304 2279 Sic
328 2247 410 2281 Mss.
436 2248 567 2294 (itemq.
595 2249 648 2282 ed.
674 2249 721 2283 M.
740 2250 800 2294 ΙΙ.)
825 2248 918 2284 Editi
937 2253 983 2296 (v,
1003 2265 1029 2285 c..
1049 2253 1099 2288 ed.
1117 2253 1166 2287 M.
1183 2255 1224 2298 Ῑ.)

94 2290 347 2332 „videbantur.“
373 2293 413 2326 R.
