1404 2463
164 114 209 149 28
635 114 812 148 Omonms

163 205 227 237 lius
251 214 345 244 tuus,
381 204 413 237 in
446 204 519 248 ipso
544 213 576 237 te
613 204 800 238 videbimus
824 205 969 238 Patrem.
1018 206 1107 237 Num
1132 206 1291 250 quidnam

164 266 241 312 quia
273 267 387 299 lumen
418 266 628 307 nominatur,
663 267 772 300 simile
802 267 977 311 putabitur
1007 267 1087 300 solis
1119 266 1215 312 hujus
1240 268 1290 299 iu-

163 328 270 362 mini?
290 329 334 361 Et
358 329 532 373 quomodo
557 329 655 372 vel¹)
681 329 763 361 levis
787 329 906 373 aliquis
931 330 1066 361 dabitur
1087 328 1289 369 intellectus,

162 400 201 423 ut
225 403 262 423 ex
286 390 350 422 isto
376 390 449 434 quis
475 390 643 435 corporali
668 389 796 422 lumine,
830 403 962 423 causam
986 390 1143 423 scientiae
1169 390 1288 435 capiat,

165 462 198 486 et
221 451 367 485 veritatis
391 451 539 484 inveniat
561 451 794 485 intellectum?

252 516 284 549 2.
330 514 367 548 Si
393 514 468 558 (50)
496 527 573 556 ergo
605 513 822 558 acquiescunt
845 514 923 546 huic
947 513 1121 547 assertioni
1143 521 1290 552 nostrae,

163 589 262 621 quam
288 576 328 608 de
353 585 470 608 natura
495 575 629 609 luminis
654 575 724 620 ipsa
759 575 1019 608 daemonstravit
1048 575 1153 614 ratio,
1184 584 1217 607 et
1240 575 1290 606 sa-

162 647 274 670 tentur
296 650 364 669 non
390 650 487 681 posse
514 650 636 682 corpus
668 637 810 679 intelligi
834 638 947 669 Deum
980 638 1163 669 secundum
1190 636 1288 669 lumi-

162 700 212 732 nis
232 699 453 739 intellectum,
477 698 594 732 similis
612 711 746 744 quoque
761 699 847 731 ratio
861 700 894 743 ²)
920 699 961 731 de
980 699 1054 740 igne
1071 707 1288 731 consumente

160 761 306 793 dabitur.
354 759 447 803 Quid
471 761 559 793 enim
585 770 759 793 consumet
783 761 875 793 Deus
898 761 1082 793 secundum
1107 760 1172 792 hoc
1195 760 1289 804 quod

160 823 244 865 ignis
269 822 339 855 est?
379 823 468 855 Num
505 822 663 867 quidnam
694 822 868 866 putabitur
893 835 1089 855 consumere
1113 821 1288 854 materiam

161 884 385 929 corporalem,
410 893 448 915 ut
472 893 521 916 est
543 873 688 926 lignhm’
713 884 767 916 vel
791 885 947 924 foenum,
972 884 1025 916 vel
1050 883 1197 928 stipula?
1244 883 1289 916 Et

160 947 242 992 quid
265 946 299 978 in
324 946 389 977 hoc
413 946 596 989 dignum3)
619 945 686 978 Dei
711 945 864 978 laudibus
882 945 1015 984 dicitur,
1037 945 1064 978 si
1085 946 1179 978 Deus
1205 944 1288 987 ignis

161 1018 210 1041 cst
235 1007 427 1052 hujusmodi
457 1006 610 1038 materias
643 1006 864 1040 consumens?
898 1007 1012 1051 Sed⁴)
1037 1007 1289 1040 consideremus

160 1070 282 1116 quia⁵)
307 1069 400 1101 Deus
426 1067 638 1112 consumit⁶)
664 1067 801 1112 quidem
827 1078 861 1100 et
884 1068 1097 1108 exterminat,
1120 1069 1179 1101 sed
1205 1079 1287 1114 con—

158 1132 258 1165 sumit
283 1131 385 1163 malas
409 1129 573 1162 mentium
599 1129 835 1171 cogitationes,
861 1130 1028 1163 consumit
1052 1122 1141 1172 gesta
1164 1130 1287 1174 turpia,

159 1193 326 1227 consumit
357 1191 520 1224 desideria
551 1191 700 1236 peceati,
732 1191 854 1236 cum7)
879 1205 914 1224 se
938 1191 1145 1225 credentium
1167 1191 1287 1225 menti-

135 1254 142 1260 *
158 1258 219 1288 bus
244 1253 377 1293 inserit,
409 1262 442 1284 et
467 1265 519 1285 eas
544 1253 686 1292 animas,
723 1266 807 1298 quae
832 1253 926 1286 verbi
951 1253 1020 1300 ejus
1032 1255 1066 1298 ⁸)
1091 1266 1129 1286 ac
1152 1253 1286 1298 sapien-

158 1318 222 1350 tiae
254 1315 446 1348 efficiuntur
477 1327 631 1357 capaces,
669 1327 734 1347 una
771 1327 846 1346 cum
876 1315 970 1348 Filio
999 1329 1060 1348 suo
1090 1315 1287 1358 inhabitans,

157 1379 340 1412 secundum
366 1375 460 1420 quod
485 1375 612 1408 dictum
638 1385 708 1408 est:
749 1375 841 1417 „Ego
856 1376 890 1418 ⁹)
921 1386 955 1408 et
983 1386 1079 1420 pater
1102 1377 1285 1418 veniemus,

159 1451 192 1473 et
216 1438 421 1472 mansionem
445 1437 536 1480 apud
561 1450 636 1469 eum
661 1437 869 1470 faciemus:“
904 1439 1060 1471 omnibus
1093 1452 1211 1472 eorum
1236 1440 1285 1473 vi·

156 1502 209 1534 tiis
234 1499 511 1545 passionibusque
543 1499 741 1539 consumtis,
776 1500 967 1544 purum¹⁰)
1004 1500 1069 1533 sibi
1098 1513 1152 1534 eas
1182 1515 1285 1547 seque

157 1565 294 1605 dignum
317 1561 423 1594 efficit
445 1561 623 1605 templum.
669 1561 738 1593 Sed
763 1570 795 1593 et
818 1561 883 1601 his,
920 1561 977 1606 qui
1009 1575 1071 1606 per
1100 1562 1166 1597 hoc
1192 1566 1285 1610 quod

156 1717 471 1810 quis⁶⁴¹>etffic1zm⁵⁵¹
505 1716 595 1749 Alias
626 1717 673 1761 (v.
706 1730 733 1749 c.
765 1716 798 1748 in
832 1718 907 1749 edd.
933 1718 998 1762 M.)
1030 1720 1106 1761 „vel
1130 1719 1200 1766 ejus
1223 1721 1284 1755 3ιί-

248 1820 283 1863 ²)
307 1818 394 1851 Edd.
426 1818 474 1850 M.
511 1817 616 1857 „ratio
649 1818 764 1850 eadem
793 1818 860 1860 igni
883 1819 1093 1853 consumenti
1116 1820 1281 1856 dabitur.“

248 1877 283 1917 3)
308 1874 398 1907 Edd.
423 1874 470 1907 M.
498 1873 656 1915 „dignum
681 1875 722 1907 de
741 1874 808 1907 Dei
833 1875 1006 1909 laudibus“
1033 1886 1095 1910 etc.

247 1932 281 1974 ⁴)
306 1930 394 1963 Edd.
420 1930 469 1963 M.
495 1930 583 1970 „Sed
608 1929 634 1962 si
658 1930 938 1964 consideremus.“

250 1987 283 2031 5)
306 1987 370 2019 Ed.
392 1986 439 2019 M.
466 1986 506 2018 ll.
534 1986 679 2030 ,‚qu0d.“

249 2042 284 2087 6)
309 2042 366 2076 Sic
390 2041 470 2092 Μῦς.
498 2042 586 2074 Alias
611 2043 656 2085 (V.
683 2055 710 2074 c.
737 2042 769 2074 in
794 2044 868 2077 edd.
887 2044 952 2088 M.)
977 2045 1165 2086 „consumit
1189 2047 1280 2091 quod

158 2088 363 2128 exterminat,
387 2099 413 2118 si
440 2087 637 2120 consumit.“
664 2087 704 2121 R.

251 2144 284 2187 7)
308 2143 394 2175 Edd.
421 2143 468 2175 M.
496 2143 609 2188 „cujus
633 2147 699 2176 se.“
793 2144 827 2189 8)
851 2145 915 2179 Ed.
939 2146 987 2179 Μ.
1011 2147 1052 2180 11.
1078 2146 1182 2189 „sui.“

249 2201 282 2244 ⁹)
308 2199 377 2232 Csr.
403 2210 450 2231 ev.
474 2199 595 2232 Joann.
618 2199 709 2241 XIV,
733 2199 788 2236 23.

232 2257 286 2299 ¹⁰)
312 2253 401 2287 Alias
426 2253 473 2298 (v.
491 2254 564 2288 c.in
579 2255 733 2301 edd.M.)
759 2257 852 2291 deest
875 2270 953 2293 vox:
980 2262 1154 2304 „purum,“
1179 2273 1278 2306 quam

162 2301 315 2336 exhibent
338 2299 418 2335 Mss.
441 2300 482 2333 R.
