1404 2463
147 115 214 150 428
624 117 802 150 Oamems

146 206 206 244 his,
231 205 288 250 qui
314 205 555 250 proposuerint
571 205 601 247 ¹)
629 206 722 240 tibi.“
771 205 969 250 Tripliciter
993 218 1072 247 ergo
1091 205 1279 238 describere

147 277 284 312 oportet
308 268 387 310 in²)
413 267 522 300 anima
547 281 604 300 sua
628 269 951 313 unumquemque³)
969 267 1158 300 divinarum
1181 267 1280 300 intel-

147 329 317 370 ligentiam
343 329 531 361 literarum·
557 329 590 361 id
617 339 684 369 est,
709 339 746 362 ut
769 329 993 374 simpliciores
1018 329 1142 374 quique
1166 329 1282 362 aedifi-

146 400 263 423 centur
287 392 327 423 ab
353 391 439 435 ipw,
464 400 501 424 ut
524 391 569 424 ita
594 391 747 430 dixerim,
773 403 918 435 corpore
943 391 1209 436 Scripturarum3
1234 390 1281 422 sic

148 452 236 484 enim
269 453 480 497 appellamus
512 467 727 486 communem
758 454 858 486 istum
892 463 924 485 et
949 453 1157 486 historialem
1182 451 1290 497 intel--

147 514 292 555 lectum3
325 514 352 547 si
377 515 435 559 qui
460 528 540 547 vero
566 516 776 560 aliquantum
801 515 866 560 jam
892 516 1060 559 proficere
1085 523 1283 559 coeperunt,

148 585 181 608 et
220 585 361 620 possunt
399 577 542 621 amplius
574 578 703 623 aliquid
733 577 873 617 intueri,
914 578 956 609 ab
987 576 1058 621 ipsa
1089 576 1284 620 Scripturae

148 637 256 670 anima
272 638 304 683 ⁴)
330 639 568 681 aedificentur;
604 641 661 685 qui
694 653 774 672 vero
806 638 949 684 perfecti
973 648 1067 678 sunt,
1100 648 1133 671 et
1156 638 1284 671 similes

147 700 215 740 his,
241 701 282 733 de
308 701 428 745 quibus
458 702 633 746 apostolus
658 701 758 735 dicit:
792 700 1068 745 „Sapientiam⁵)
1094 710 1207 733 autem
1233 701 1285 732 lo-

150 762 284 806 quimur
329 762 416 795 inter
454 763 642 807 perfectos,
688 762 887 807 sapientiam
928 772 1039 794 autem
1079 775 1148 795 nou
1187 761 1285 807 hujus

149 824 286 864 mundi,
318 837 427 868 neque
459 824 653 868 principum
685 824 782 869 hujus
807 823 950 863 saeculi,
981 824 1087 868 quiss)
1112 825 1286 856 destruen-

150 895 220 918 tur:
252 886 310 918 sed
345 886 519 930 loquimur
543 886 608 918 Dei
633 885 831 930 sapientiam
856 885 888 917 in
914 884 1122 931 mysteri07)
1145 885 1287 917 abscon-

151 948 275 987 ditam,
312 961 410 992 quam
443 948 705 992 praedestinavit
728 948 822 980 Deus
855 955 930 980 ante
955 946 1086 980 saecula
1109 945 1143 978 in
1156 946 1190 990 ⁶³)
1215 945 1287 988 glo-

151 1009 234 1042 riam
274 1014 471 1042 nostram:“
513 1009 546 1041 hi
584 1010 666 1042 tales
698 1010 739 1042 ab
774 1009 845 1053 ipsa
877 1008 1043 1054 spirituali
1074 1009 1166 1050 lege,
1202 1021 1286 1052 quae

152 1073 306 1104 umbram
340 1072 440 1104 habet
472 1072 664 1104 futurorum
695 1072 884 1110 bonorum,
919 1080 1077 1116 tanquam
1109 1084 1126 1103 a
1157 1069 1287 1115 spiritu,

154 1134 429 1177 aedificentur.⁹)
472 1133 566 1166 Sicut
591 1145 669 1174 ergo
695 1132 799 1164 homo
827 1142 978 1166 constare
1003 1132 1127 1165 dicitur
1150 1144 1189 1164 cx
1213 1144 1288 1164 cor—

154 1209 251 1241 pore,
277 1205 310 1228 et
335 1194 455 1237 anima,
480 1205 512 1227 et
529 1194 660 1239 spiritu,
686 1194 731 1228 ita
751 1194 851 1227 etiam
868 1204 978 1228 sancta
995 1194 1180 1238 Scriptura,
1204 1205 1288 1238 quae

154 1259 196 1291 ad
220 1257 396 1290 hominum
421 1257 563 1289 salutem
589 1257 704 1290 divina
727 1256 904 1298 largitione
924 1269 1080 1289 concessa
1098 1265 1156 1288 est.
1183 1255 1288 1299 Quod

155 1334 218 1353 nos
248 1320 347 1353 etiam
380 1319 415 1351 in
446 1319 564 1351 libello
592 1318 757 1359 Pastoris,
794 1318 850 1363 qui
877 1332 894 1351 a
919 1310 1091 1350 nonffullis
1119 1317 1289 1350 contemni

157 1383 307 1421 videtur,
351 1382 556 1422 designatum
590 1380 760 1420 videmus,
798 1394 874 1413 cum
908 1380 1044 1424 jubetur
1077 1379 1287 1424 Hermas'0)

158 1447 243 1478 duos
276 1443 412 1476 libellos
442 1442 606 1482 scribere,
642 1452 675 1475 et
706 1451 823 1487 postea
856 1441 1055 1474 denunciare
1086 1441 1289 1487 presbyteris

159 1506 336 1545 ecelesiae,
376 1517 461 1549 quae
491 1517 509 1536 a
539 1504 660 1549 spiritu
695 1504 823 1537 difficit.
871 1503 974 1546 Quod
1002 1502 1050 1535 his
1078 1502 1184 1536 verbis
1209 1503 1288 1535 scri-

159 1579 254 1614 ptum
279 1577 345 1600 est:
384 1567 449 1608 „Et
466 1567 473 1586 ¹
489 1567 519 1609 ¹)
544 1566 679 1606 scribes,
710 1566 830 1611 inquit,
855 1567 939 1598 duos
965 1565 1114 1606 libellos,
1139 1574 1171 1598 et
1196 1565 1290 1598 dabis

256 1694 287 1735 Ι)
311 1692 398 1724 Edd.
424 1691 471 1723 M.
498 1695 805 1734 „proposueruut.“

253 1749 288 1792 ²)
310 1748 443 1780 Desunt
467 1746 499 1778 in
525 1746 623 1779 editis
649 1748 695 1790 (v.
722 1759 749 1778 c.
774 1747 849 1779 edd.
876 1747 952 1787 M),
985 1747 1044 1778 sed
1068 1747 1233 1780 habentur
1257 1747 1289 1780 in

161 1796 242 1828 Mss.
267 1794 383 1825 verba:
418 1792 472 1834 „in
497 1791 607 1824 anima
631 1795 720 1824 sua.“
746 1792 786 1825 R.
815 1812 854 1816 —
889 1791 957 1825 Csr.
984 1792 1035 1824 ed.
1063 1793 1191 1837 Redep.
1217 1805 1290 1837 pag.

161 1841 239 1876 341.
264 1849 334 1872 not.
362 1839 392 1873 1.

256 1897 288 1938 ³)
313 1895 401 1928 Edd.
426 1895 474 1927 Μ.
502 1906 798 1937 „unumquemque
823 1893 1078 1935 intelligentiam
1103 1892 1290 1925 divinarum

163 1943 368 1974 literarum.“
480 1938 513 1982 4)
541 1939 611 1972 Csr.
636 1939 690 1972 ed.
716 1939 846 1983 Redep.
874 1951 946 1983 pag.
970 1937 1046 1974 341.
1071 1947 1141 1971 not.
1166 1940 1200 1973 8.

258 1997 290 2040 ⁵)
317 1997 330 2028 1
359 1996 435 2029 cor.
462 1996 503 2036 11,
529 1995 560 2029 6.
585 1995 615 2029 7.

257 2054 290 2096 ⁶)
317 2052 374 2085 Sic
405 2051 486 2086 Mss.
519 2051 609 2084 Edit}
643 2052 689 2093 (v.
726 2064 753 2083 c.
787 2051 862 2084 edd.
890 2050 954 2093 M.)
992 2049 1071 2095 „qui
1106 2049 1291 2082 dissolvun-

164 2103 249 2133 tu1·.“
275 2099 316 2131 R.
422 2097 455 2139 ⁷)
481 2097 544 2129 Ed.
570 2097 617 2129 M.
642 2097 666 2130 l.
696 2096 937 2138 „ministerio·“

258 2156 292 2198 ⁸)
318 2154 373 2187 Sic
401 2154 479 2186 Mss.
505 2153 635 2196 (itemq.
664 2154 715 2186 ed.
732 2153 778 2185 M.
807 2152 865 2195 ll.)
891 2151 981 2184 Edit}
1000 2152 1046 2193 (v.
1065 2164 1091 2184 c.
1111 2151 1163 2184 ed.
1184 2150 1228 2182 Μ.
1248 2151 1291 2194 l.)

169 2202 222 2244 „in
247 2199 355 2243 gloria
380 2202 525 2231 nostra.“
552 2199 592 2230 R.
704 2200 738 2242 ⁹)
762 2197 850 2230 Edd.
878 2197 924 2229 Μ.
952 2196 1223 2237 „aedificanturfl

239 2257 293 2301 ¹⁰)
317 2255 374 2288 Sic
399 2255 478 2287 Mss.
503 2255 594 2287 Editi
621 2268 701 2287 vero
727 2256 774 2298 (v.
801 2268 827 2287 e.
854 2254 929 2286 edd.
947 2252 1016 2296 Μ.)
1041 2252 1236 2293 „Hermes.“
1254 2252 1292 2285 R.

240 2313 293 2355 ¹¹)
321 2311 390 2344 Cfr.
416 2310 571 2344 Hermae.
598 2311 728 2343 Pastor.
755 2310 812 2343 lib.
839 2310 863 2342 l.
892 2308 948 2342 vis.
974 2309 1003 2342 ll
1043 2321 1133 2341 num.
1161 2308 1191 2342 4.
