1404 2463
405 89 450 113 nr:
477 81 669 114 Pmncmns
701 81 811 113 LIBER
837 81 878 113 ΙΙ.
1141 82 1202 116 241

177 170 244 203 Sed
271 179 301 202 et
327 171 505 206 exteriores
530 171 698 209 tenebras,
730 179 766 201 nt
791 182 850 211 ego
876 170 1014 214 opinor,
1049 183 1114 202 non
1139 181 1205 203 tam

92 234 200 262 narem
233 231 377 275 aliquem
414 232 610 270 obscurum,
641 241 673 262 et
697 231 766 262 sine
790 231 862 264 ullo
881 232 910 274 ¹)
935 231 1058 263 lumine
1084 232 1205 264 intolli-

93 292 234 331 gendum
261 301 355 336 puto,
380 306 476 336 quam
503 293 542 324 de
567 291 627 331 his,
652 292 706 336 qui
732 293 918 336 profundae
935 292 1137 333 ignorantiae
1157 303 1205 327 te-

92 353 202 385 nebris
227 353 384 392 immersi,
409 363 495 385 extra
509 353 542 396 2)
569 365 666 385 omne
692 352 927 393 intelligentiae
955 353 1065 384 lumen
1093 354 1204 386 offecti

92 424 177 446 sunt.
226 415 415 446 Videndum
444 427 577 459 quoque
609 423 673 454 est,
706 426 746 444 ne
780 414 866 445 forte
899 413 996 445 etiarn
1029 414 1113 446 illud
1144 414 1204 447 iste

90 488 199 507 sermo
224 475 395 517 significet,
419 477 510 519 quod
533 475 618 507 sicut
640 473 742 507 sancti
767 487 905 517 corpora
931 488 998 513 sua,
1030 475 1061 507 iu
1087 477 1204 519 quibus

91 546 200 568 sancte
235 546 266 568 et
296 549 378 580 pure
410 537 442 568 in
476 536 569 581 liujus
601 536 684 568 vitae
717 534 975 567 habitationibus
987 536 1020 579 ³)
1046 537 1206 576 vixerunt,

95 597 203 629 lucida
229 607 262 629 et
285 597 428 638 gloriosa
454 611 489 629 ex
514 596 756 629 resurrectione
787 595 982 640 suscipient,
1021 597 1064 629 ita
1090 608 1121 630 et
1145 599 1206 631 im—

93 658 139 701 pii
165 657 299 702 quique,
324 659 380 702 qui
407 658 439 689 iu
464 646 524 690 hac
543 658 605 690 vita
623 670 775 689 errorum
792 658 953 698 tenebras,
979 667 1011 690 et
1026 668 1158 692 noctem
1174 660 1205 704 ⁴²)

92 719 293 760 ignorantiae
326 719 529 759 dilexerunt,
566 718 712 751 obscuris
743 720 821 761 εἰῇ)
855 718 930 751 atris
964 729 1040 763 post
1062 733 1206 753 resurre-

93 779 238 812 ctionem
265 781 462 824 corporibus
487 780 675 819 induantur,
711 789 746 811 ut
771 792 808 812 ea
832 779 900 824 ipsa
927 780 1030 822 caligo
1055 782 1206 823 ignoran-

92 841 175 881 tiae,
205 854 288 886 quae
314 841 346 874 in
370 842 433 873 hoc
459 842 582 874 mundo
609 841 831 884 interioresss)
859 854 974 873 eorum
999 852 1124 875 mentes
1149 845 1208 876 ob—

91 903 238 942 sederat,
276 902 310 935 in
343 904 455 935 futuro
488 916 548 947 per
579 902 720 934 exterius
755 901 903 945 corporis
934 913 1090 947 appareat
1113 904 1207 937 indu-

92 973 250 996 mentum.
264 965 295 1008 ⁷)
331 964 495 996 Similiter
519 977 651 1008 quoque
670 973 702 995 et
719 964 759 995 de
777 976 905 996 carcere
922 964 1129 997 sentiendum
1148 975 1205 999 est.

180 1026 249 1059 Sed
284 1025 450 1057 sufficiant
480 1025 540 1057 ista
571 1025 604 1057 in
635 1025 799 1068 praesenti
834 1025 929 1065 loco,
969 1039 1051 1070 quae
1076 1026 1206 1059 iuterim

93 1101 181 1120 nunc
211 1097 249 1120 ut
277 1086 409 1119 dicendi
444 1087 528 1118 ordo
560 1096 761 1125 servaretur,
803 1100 899 1130 quam
931 1086 1133 1130 paucissimis
1159 1089 1208 1121 di-

99 1159 150 1181 cta
174 1158 259 1181 sunt.

94 1248 148 1281 siti
174 1247 236 1280 sibi
261 1261 277 1280 a
301 1248 376 1280 Deo
402 1248 506 1290 angeli
532 1260 599 1280 non
626 1247 769 1279 fideliter
793 1261 868 1279 eum
894 1248 1104 1281 custodivit.“
1130 1249 1208 1283 Mss.

96 1303 132 1326 ut
155 1293 187 1325 in
211 1302 325 1325 nostro
351 1303 452 1325 textu.
480 1294 516 1326 R.
541 1314 580 1318 -
617 1293 679 1325 Ed.
705 1293 750 1324 Μ.
778 1293 800 1324 Ι.
836 1294 1128 1333 „commonitionis
1152 1308 1208 1339 ap-

97 1338 219 1382 positio
244 1338 306 1370 sibi
331 1352 347 1370 a
373 1339 447 1370 Deo
473 1338 578 1379 angeli
603 1351 670 1370 non
696 1337 839 1369 fideliter
864 1351 938 1369 eum
964 1339 1174 1372 custodivit.“

192 1395 222 1437 ¹)
247 1393 303 1426 Sic
330 1393 408 1427 Mss.
444 1395 478 1426 ln
504 1393 669 1438 prioribus
696 1392 897 1425 editionibus
921 1394 967 1437 (v.
993 1407 1018 1426 c.
1044 1395 1118 1427 edd.
1144 1396 1209 1439 Μ.)

99 1440 191 1471 deest
217 1438 340 1471 »ullo.“
366 1438 407 1471 R.

194 1496 228 1537 ²¹)
254 1494 310 1527 Sit·
343 1495 420 1526 Mss.
448 1493 535 1525 Alias
567 1494 612 1536 (v.
638 1507 664 1526 c.
690 1493 721 1525 in
748 1494 821 1526 edd.
847 1494 911 1534 M.)
945 1503 1054 1534 „extra
1084 1494 1212 1527 divinae

98 1539 334 1581 intelligenti-ae
361 1539 493 1570 lumew‘
519 1548 581 1572 etc.
606 1539 645 1571 R.
712 1539 746 1582 ³)
769 1539 854 1571 Edd.
880 1539 927 1571 Μ.
955 1538 1208 1579 „habitatione.“

189 1594 222 1639 ⁴)
247 1595 351 1627 Deest
373 1594 407 1626 in
432 1604 526 1626 antea
551 1594 646 1626 editis
669 1597 715 1638 (v,
740 1607 765 1626 c.
793 1595 867 1627 edd.
894 1595 968 1638 Μ.),
992 1595 1048 1626 sed
1074 1595 1211 1627 habetur

97 1640 129 1671 in
156 1639 234 1672 Mss.
262 1643 447 1680 „noctemf‘
473 1640 512 1671 R.

191 1696 224 1739 ⁵)
249 1695 304 1728 Sic
328 1695 408 1728 Mss.
432 1695 524 1727 Editi
550 1695 596 1739 (v.
623 1708 649 1727 c.
676 1695 750 1727 cdd.
774 1695 838 1735 M.)
866 1704 918 1734 „ct
943 1695 1064 1727 tetris.“
1092 1697 1129 1728 R.

190 1751 224 1793 ⁶)
249 1746 306 1783 Sic
329 1749 408 1783 Mss.
432 1750 522 1783 Alias
547 1751 593 1795 (v,
619 1763 645 1782 c.
662 1750 697 1782 in
714 1750 789 1782 edd.
808 1751 872 1794 M.)
898 1750 1075 1791 „interiora
1094 1764 1208 1783 eorum

103 1795 221 1827 mentis
246 1795 450 1827 obsede1·at.“
476 1796 516 1829 R.

192 1852 224 1893 7)
248 1850 322 1882 Huc
347 1863 384 1882 ea
410 1852 507 1882 verba
530 1860 678 1894 spectare
702 1849 866 1889 videntur,
891 1863 972 1894 quae
989 1851 1210 1897 Hieronymus

103 1896 136 1927 in
161 1908 213 1940 ep.
238 1895 278 1926 ad
302 1895 388 1927 Aviti
416 1895 546 1927 exhibet
572 1908 643 1938 pag.
668 1895 761 1933 764„
786 1897 900 1936 verba,
924 1896 1078 1939 inquam,
1103 1909 1119 1928 a
1145 1898 1211 1929 Ru-

102 1942 170 1972 fino
205 1940 256 1971 vel
287 1940 424 1979 omissa,
466 1941 516 1972 vel
548 1939 581 1971 in
615 1940 757 1972 alienum
782 1953 911 1973 sensum
937 1941 1082 1973 detorta:
1120 1942 1211 1982 „Nisi

103 1986 190 2017 forte
224 1998 343 2028 corpus
374 1985 437 2017 boc
462 1985 581 2029 pingue
611 1994 708 2029 atque
738 1994 903 2017 terrenum
936 1986 1039 2027 caligo
1066 1996 1096 2018 et
1122 1996 1211 2019 tene-

103 2031 181 2062 brae
201 2030 422 2062 nominandae
439 2039 524 2069 sunt,
548 2042 608 2073 per
623 2030 724 2073 quod,
750 2040 976 2063 consummato
995 2031 1058 2063 hoc
1074 2033 1211 2073 mundo,

103 2088 178 2107 cum
202 2088 334 2107 necesse
359 2075 459 2106 suerit
482 2075 514 2106 in
538 2074 639 2106 alium
663 2074 799 2107 transire
817 2076 989 2115 mundum,
1012 2090 1140 2108 rursum
1157 2090 1212 2109 na-

103 2120 215 2152 scendi
240 2129 347 2152 sumet
374 2119 538 2152 exordia.“
587 2119 654 2151 Csr.
681 2120 731 2151 ed.
756 2120 859 2153 Rnaei
883 2134 955 2166 pag.
981 2121 1054 2155 103.
1080 2131 1148 2156 not.
1169 2136 1210 2157 m,

106 2166 183 2197 coll.
210 2166 260 2198 ed.
286 2165 510 2212 Redep3pag.
535 2164 609 2198 232.
633 2174 701 2196 not.
726 2165 778 2198 24.

149 2315 324 2348 ORIGEMS
349 2314 471 2347 OPERA
497 2315 592 2348 Tom.
617 2315 707 2349 ΧΧΙ,
839 2331 843 2335 -
982 2315 1021 2349 1ss
