1404 2463
163 145 231 181 472
647 142 824 177 Omems

166 235 369 279 adoptatur,
411 243 444 267 et
481 232 744 279 participatione
781 233 967 278 sapientiae
998 232 1032 265 in
1065 232 1143 264 Deo
1177 232 1309 277 sapiens

168 295 335 336 efficitur,
370 295 417 328 ita
449 304 484 328 ct
516 293 777 339 participatione
802 294 950 339 Spiritus
981 293 1087 326 sancti
1118 302 1252 326 sanctus
1277 303 1310 326 et

167 356 352 401 spiritualis
383 356 541 390 efficitur.
589 356 752 401 Unum1)
788 356 878 389 enim
913 365 1013 400 atque
1045 354 1138 387 idem
1163 364 1213 387 est
1235 355 1314 399 spi-

168 418 253 451 ritus
280 418 386 451 sancti
411 418 627 463 participium
652 431 804 457 sumere,
831 418 924 462 quod
951 426 1000 449 est
1023 415 1132 448 Patris
1157 425 1198 448 etv
1214 415 1312 449 Filii:

170 479 299 524 quippe
324 493 401 512 cum
426 492 492 512 una
520 488 553 512 et
576 479 781 523 incorporea
805 488 923 511 natura
947 477 990 510 sit
1015 476 1201 511 Trinitatis.
1248 478 1316 510 Ve-

169 554 246 573 rum
272 554 357 585 quae
384 542 425 574 de
449 541 710 586 participatione
735 540 866 573 animae
885 539 1041 578 diximus,
1064 538 1168 571 simili
1184 538 1316 571 ratione

170 611 209 634 ut
232 603 274 635 de
299 603 492 642 animabus,
523 602 570 635 ita
602 611 635 634 et
660 603 702 634 de
727 601 852 644 angelis
878 610 911 634 et
936 599 1140 633 coelestibus
1163 609 1242 632 sunt
1264 599 1316 632 in·

170 664 354 707 telligenda
377 664 578 697 virtutibus:
603 663 763 708 quoniam
792 662 901 695 omnis
926 660 1137 694 rationabilis
1164 669 1318 693 creatura

174 725 358 770 participio
384 725 513 768 indiget
538 725 725 759 Trinitatis.

261 786 331 819 Sed
357 795 392 819 et
414 787 533 819 mundi
558 785 657 830 hujus
682 785 824 818 visibilis
846 785 953 826 ratio,
985 783 1146 829 quoniam
1171 784 1226 817 vel
1249 796 1323 816 ma·

173 846 262 879 xima
294 846 397 880 etiam
422 849 465 880 de
491 847 543 880 his
568 847 687 879 haberi
712 846 864 891 quaestio
889 845 997 888 solet,
1035 845 1180 890 qualiter
1202 858 1237 878 se
1262 846 1322 878 ha·

173 908 315 953 beat‚²)
352 917 457 952 prout
488 907 664 953 potuimus
688 907 724 940 in
747 906 982 951 superioribus
1009 905 1153 939 diximus
1177 919 1241 950 pro
1266 906 1323 951 iis,

175 968 233 1013 qui
266 969 300 1001 in
335 970 404 1003 fide
435 979 552 1003 nostra
582 968 685 1002 etiam
718 968 879 1001 credendi
915 967 1083 1000 rationem
1122 967 1320 1012 perquirere

175 1030 307 1071 solent.
331 1040 365 1064 et
388 1044 453 1076 pro
478 1031 536 1070 iis,
573 1030 630 1075 qui
657 1030 825 1063 haeretica
850 1022 1029 1062 adversum
1051 1041 1114 1061 nos
1139 1029 1323 1062 certamina

177 1101 416 1133 commovent,
451 1101 485 1126 et
515 1090 677 1125 materiae
708 1103 855 1132 nomen,
892 1090 984 1135 quod
1016 1102 1059 1122 ne
1081 1090 1148 1135 ipsi
1173 1091 1325 1135 quidem,

178 1154 278 1198 quale
302 1154 363 1195 sit,
394 1154 504 1187 adhuc
526 1152 718 1196 intelligere
742 1161 947 1197 potuerunt,
982 1152 1093 1184 solent
1116 1153 1327 1197 frequentius

180 1215 364 1249 ventilare:
397 1216 439 1248 de
472 1228 540 1260 quo
573 1213 800 1247 necessarium
824 1223 910 1258 puto
937 1212 1037 1246 etiam
1062 1226 1151 1246 nunc
1174 1214 1325 1247 breviter

180 1289 414 1310 commonere.

270 1338 324 1375 33.
371 1339 417 1372 Et
447 1338 559 1383 primo
591 1337 731 1382 quidem
763 1337 938 1370 sciendum
971 1345 1039 1377 est,
1079 1338 1173 1381 quod
1196 1341 1325 1370 nornen

179 1400 291 1445 ipsum
323 1399 484 1433 materiae
516 1412 580 1444 pro
608 1412 644 1431 ea
667 1398 869 1437 substantia,
901 1410 986 1442 quae
1011 1398 1146 1431 subesse
1171 1398 1327 1443 corpori-

178 1462 242 1494 bus
254 1462 289 1506 ³)
322 1461 465 1501 dicitur,
497 1460 650 1504 positum
680 1460 715 1492 in
740 1459 926 1503 Scripturis
959 1458 1129 1492 canonicis
1159 1472 1326 1504 nusquam

178 1535 286 1567 usque
327 1523 369 1555 ad
406 1533 564 1567 praesens
599 1520 800 1553 invenimus.
854 1520 949 1552 Illud
984 1519 1074 1552 enim
1116 1520 1211 1564 quod
1243 1520 1329 1554 dicit

179 1583 311 1617 Esaias:
337 1583 404 1626 „Et
416 1583 450 1627 ἰ)
477 1582 636 1615 comedet
659 1581 744 1614 sicut
769 1582 910 1614 foenum
934 1579 1061 1623 ὕλην,“
1086 1580 1122 1613 id
1147 1589 1196 1613 est
1219 1590 1326 1614 mate-

180 1645 276 1684 riam,
302 1645 416 1678 dicens
441 1645 482 1677 de
507 1643 559 1684 iis,
592 1643 651 1688 qui
675 1643 710 1675 in
735 1632 912 1686 suppliciis
937 1641 1113 1674 constituti
1138 1651 1226 1685 sunt,
1256 1655 1328 1676 ma-

180 1705 300 1738 teriam
331 1705 448 1750 posuit
478 1718 542 1750 pro
578 1703 738 1749 peccatis.
788 1704 858 1737 Sed
889 1712 923 1736 et
954 1702 1063 1736 sicubi
1093 1702 1128 1735 in
1152 1702 1220 1737 alio
1246 1703 1325 1736 loco

181 1768 345 1811 scriptum
369 1768 459 1799 forte
483 1766 644 1799 materiae
669 1777 795 1798 nomen
822 1774 888 1804 est,
913 1777 1096 1809 nusquam,
1128 1773 1164 1797 ut
1189 1777 1251 1807 ego
1277 1777 1328 1797 ar-

182 1827 310 1868 bitror,
341 1829 427 1869 hoc,
460 1829 502 1861 de
528 1840 595 1872 quo
621 1840 711 1860 nunc
737 1825 946 1871 quaestuum,
977 1825 1211 1869 significare5)
1236 1826 1329 1859 inve-

184 1889 314 1929 nietur,
338 1889 402 1922 nisi
427 1889 666 1922 tantummodo
692 1889 726 1920 in
751 1887 945 1932 Sapientia,
971 1900 1056 1931 quae
1081 1886 1208 1920 dicitur
1230 1887 1329 1921 Salo-

184 1950 315 1992 monis;
340 1950 398 1995 qui
412 1951 446 1996 6)
472 1950 590 1995 utique
618 1951 705 1983 liber
728 1962 797 1982 non
823 1950 864 1982 ab
891 1948 1048 1981 omnibus
1069 1949 1103 1981 in
1128 1948 1329 1982 auctoritate

281 2040 313 2084 ¹)
340 2041 412 2075 Cfr.
437 2041 491 2073 ed.
517 2040 647 2083 Redep.
672 2051 748 2084 pag.
772 2038 848 2074 374.
874 2047 946 2071 not.
972 2037 1024 2072 17.

278 2096 313 2139 ²)
340 2095 404 2130 Ed.
429 2097 480 2132 M.
505 2097 530 2128 l.
557 2096 754 2137 „habeant.“

279 2149 313 2193 ³)
340 2150 396 2183 Sic
422 2152 502 2185 Mss.
528 2151 622 2184 Editi
648 2152 695 2195 (v.
722 2164 749 2183 c.
778 2150 852 2183 edd.
878 2150 948 2194 Μ.)
976 2148 1269 2194 ‚,corporalibus.“
1285 2148 1328 2180 R.

280 2207 315 2249 l⁸)
339 2205 440 2239 Jesai.
465 2208 508 2246 X,
536 2208 588 2242 17.

282 2262 315 2304 ·”)
342 2261 399 2294 Sic
425 2261 507 2294 Mss.
531 2262 627 2295 Editi
652 2262 700 2307 (v.
726 2275 752 2294 c.
779 2261 856 2294 edd.
882 2261 948 2304 Μ.)
976 2259 1158 2301 ‚‚signare.“
1180 2259 1222 2291 R.

274 2316 317 2359 ⁴⁶)
344 2316 413 2350 cfr.
441 2317 493 2353 ed.
519 2318 649 2362 Redep.
675 2329 751 2361 pag·
775 2316 851 2352 375.
877 2325 948 2350 not.
974 2316 1026 2351 13.
