1404 2463
186 90 252 123 ‘266
668 94 844 127 Omnem

188 193 202 210 :i
230 180 305 211 Deo
331 180 417 213 dicta
442 192 534 221 sunt,
570 182 701 215 (licente
727 184 949 228 frequentius:
984 183 1074 224 „Ego
1093 185 1122 226 ¹)
1148 184 1311 216 indurabo

188 253 246 272 cor
272 241 485 275 Pharnonis.“
533 244 567 276 Si
607 244 694 276 enim
727 259 743 277 a
768 246 844 277 Deo
879 244 1067 284 induratur,
1098 254 1131 276 et
1154 258 1215 289 per
1238 245 1312 285 hoc,

187 307 278 350 quod
302 306 486 344 induratur,
512 306 689 350 delinquit,
712 320 779 338 non
805 306 868 338 sibi
893 307 963 350 ipse
989 306 1111 339 exstitit
1135 306 1230 340 causa
1255 309 1313 340 de-

188 367 269 401 licti.
307 367 411 411 Quod
437 367 464 400 si
489 366 532 399 ita
559 378 616 406 est,
642 381 708 400 non
734 368 903 400 videbitur
919 369 1048 400 Pharao
1067 370 1189 401 habere
1214 369 1312 412 (114)

187 429 314 462 arbitrii
345 430 550 469 libertatern,
589 439 621 462 et
652 429 716 474 jam
743 440 985 474 consequenter
1009 440 1188 469 asseretur,
1221 431 1311 474 quod

187 491 251 523 hoc
278 491 433 535 exemplo
460 504 522 524 nec
547 492 648 524 ceteri
674 493 828 536 quidem,
855 491 910 536 qui
936 502 1098 536 pereunt,
1124 505 1160 524 ex
1185 491 1313 524 arbitrii

186 553 236 585 sui
268 553 422 585 libert-‘ite
457 567 586 586 eausam
619 553 817 598 perditionis
841 553 1020 597 accipiunt.
1067 555 1133 586 Sed
1160 563 1192 585 et
1217 552 1313 592 illud,

187 616 278 660 quod
303 615 336 647 in
361 616 538 648 Ezechiele
563 616 736 658 dictum²)
763 625 827 654 est,
853 629 927 647 cum
954 615 1054 647 dicit:
1087 617 1266 656 „Auferam
1280 615 1313 658 3)

187 691 304 709 eorum
332 678 462 722 lapidea
487 679 599 716 eorda,
629 688 660 710 et
687 678 863 710 immittam
889 677 928 709 iis
954 691 1081 715 carnea,
1105 687 1142 709 ut
1166 677 1199 709 in
1218 690 1314 721 prae-

188 740 293 784 ceptis
324 740 406 771 meis
438 741 610 778 incedant,
646 750 678 772 et
711 739 775 772 vias
789 742 821 781 ⁴)
848 753 935 771 meas
968 739 1203 771 ςιιεῑοάἰειιηειι
1242 751 1315 770 mo-

189 802 309 844 vere⁵)
336 801 442 846 possit
473 802 618 846 aliquem
644 815 706 846 pro
733 814 792 840 en,
825 803 915 845 quod
942 815 958 833 a
983 802 1059 833 Deo
1086 799 1155 832 dari
1182 800 1314 832 videtur

189 864 240 895 vel
266 864 421 895 incedere
447 863 480 896 in
505 863 668 895 mandatis
694 862 781 907 ejus,
806 863 859 895 vel
886 862 1136 907 justificationes
1161 863 1232 906 ejus
1257 875 1314 894 cu-

187 926 332 965 st‹›dire;
370 926 494 969 quippe
526 926 552 957 si
583 925 654 969 ipse
687 925 738 963 id,
774 925 864 969 quod
895 926 1002 957 obstat
1027 925 1066 956 ad
1093 923 1312 956 custodienda

187 988 339 1019 mandata
365 986 534 1031 lapideum
560 999 619 1017 cor
642 987 803 1025 auferens,
830 999 888 1018 cor
911 986 1029 1018 melius
1055 995 1087 1017 et
1111 985 1312 1021 sensibilius,

188 1050 281 1094 quod
306 1062 392 1081 nunc
419 1061 572 1080 carneum
598 1047 798 1086 nominatur,
822 1047 973 1079 immittit
997 1056 1030 1080 et
1054 1047 1179 1079 inserit.
1228 1047 1314 1078 Vide

188 1121 299 1143 autem
325 1110 424 1143 etiam
449 1110 545 1149 illud,
573 1110 664 1153 quod
691 1109 723 1141 in
748 1109 930 1150 Evangelio
960 1108 1125 1140 Dominus
1149 1117 1178 1140 et
1201 1108 1315 1142 Salva-

190 1183 244 1206 tor
268 1171 443 1217 respondit
455 1173 487 1215 6)
513 1172 554 1203 ad
581 1184 648 1210 eos,
675 1171 729 1215 qui
755 1171 959 1215 quaerebant
984 1171 1025 1202 de
1042 1170 1128 1214 ipso,
1153 1164 1257 1214 quare·
1273 1171 1315 1202 ad

190 1235 302 1267 turbas
321 1234 353 1266 in
373 1233 541 1278 parabolis
561 1234 766 1277 loqueretur,
792 1233 888 1276 quale
906 1232 957 1265 sit.
996 1232 1052 1264 Ait
1069 1233 1176 1264 enim:
1205 1232 1270 1264 »Ut
1282 1233 1316 1276 ⁷)

190 1297 338 1329 videntes
370 1309 436 1327 non
469 1295 619 1333 videant,
657 1294 733 1338 ets)
759 1295 931 1328 audientes
960 1295 1113 1334 audiant,
1145 1293 1222 1338 (32⁹)
1247 1307 1315 1326 non

188 1358 390 1399 intelligant,
423 1370 464 1389 ne
489 1357 576 1388 forte
601 1365 838 1388 convertantur
863 1366 893 1388 et
918 1356 1107 1388 remittatur
1129 1356 1199 1389 iis.“
1249 1357 1317 1389 Sed

189 1429 221 1451 et
245 1419 409 1461 illud‚¹⁰)
443 1418 534 1463 quod
559 1431 575 1449 a
599 1418 706 1450 Paulo
732 1418 890 1461 apostolo
917 1418 1041 1450 dictum
1067 1427 1133 1458 est,
1171 1417 1316 1462 quia'¹)

191 1494 278 1522 „uon
305 1479 463 1521 volentis,
495 1494 604 1524 neque
629 1480 810 1519 currentis,
841 1480 899 1511 sed
934 1479 1119 1512 miserentis
1144 1489 1192 1512 est
1215 1479 1314 1514 Dei.“

285 1650 315 1691 ¹)
340 1650 448 1684 Exod.
471 1649 526 1688 IV,
550 1648 604 1684 21.
719 1649 752 1693 ²)
777 1649 864 1683 Edd.
889 1650 938 1683 M.
965 1648 1180 1693 „scriptum,“

282 1707 315 1749 ³)
340 1706 460 1738 Ezeclt.
486 1706 548 1744 XI,
575 1706 623 1739 19.
650 1705 703 1739 20.
806 1706 838 1746 4)
866 1706 951 1738 Edd.
976 1706 1037 1738 Μμ
1055 1705 1246 1752 »justitia5.“

283 1764 316 1806 ⁵)
340 1763 426 1794 Edd.
453 1762 499 1794 M.
528 1771 663 1802 „movet
687 1762 864 1807 aliquem.«

282 1821 316 1862 ὓ)
340 1819 446 1850 Deest
471 1818 686 1862 „resp‹›udit“
713 1820 746 1850 in
771 1818 846 1851 edd.
872 1818 976 1851 Ruaei
1001 1828 1034 1851 et
1059 1819 1186 1863 Redep.

286 1874 316 1917 ἶ)
342 1875 446 1907 Mare.
474 1876 529 1915 lV,
558 1875 607 1908 12.

283 1934 316 1974 ⁶⁵)
342 1931 423 1963 Mss.
450 1940 481 1962 et
498 1931 575 1963 libri
595 1930 675 1962 editi
694 1930 741 1974 (v.
761 1944 787 1963 e.
807 1931 882 1964 edd.
901 1931 959 1969 M„
986 1930 1097 1975 itemq.
1117 1931 1192 1962 edd.
1209 1930 1315 1963 Ruaci

193 1998 224 2020 et
249 1989 394 2031 Redep.)
421 1997 471 2027 „et
497 1988 671 2019 audientes
695 2000 762 2019 non
787 1986 953 2019 audiant.“
979 1987 1019 2019 R.

282 2046 314 2087 ⁹)
342 2045 388 2075 lta
420 2044 501 2077 Mss.
536 2043 627 2075 Libri
659 2043 741 2075 editi
772 2042 819 2087 (v,
853 2055 879 2074 c.
913 2043 987 2075 edd.
1013 2043 1077 2087 M.)
1111 2052 1165 2084 „et
1190 2041 1314 2074 intelli-

192 2104 298 2142 gn11t.“
328 2101 365 2132 R.

268 2158 320 2199 ¹⁰)
345 2155 400 2188 Sic
430 2154 508 2188 Mss.
536 2156 627 2187 Libri
653 2156 733 2188 editi
758 2158 804 2199 (v.
831 2169 856 2188 e.
882 2156 956 2187 edd.
984 2154 1049 2198 Μ.)
1076 2155 1182 2196 „illud
1208 2167 1314 2199 quon>

194 2214 268 2246 dani
293 2227 308 2245 a
334 2212 461 2244 Paulo«
490 2222 551 2244 etc.
578 2213 618 2244 R.

267 2270 320 2313 ¹¹)
344 2269 405 2301 Ed.
431 2268 479 2301 M.
508 2269 551 2301 ll.
579 2269 725 2312 „quod.“
751 2288 789 2292 —
818 2268 915 2302 Rom.
941 2269 1010 2309 lX,
1036 2267 1087 2302 16.
