<?xml version="1.0" encoding="UTF-8"?>
<!DOCTYPE html PUBLIC "-//W3C//DTD XHTML 1.0 Transitional//EN"
    "http://www.w3.org/TR/xhtml1/DTD/xhtml1-transitional.dtd">
<html xmlns="http://www.w3.org/1999/xhtml" xml:lang="en" lang="en">
 <head>
  <title>
</title>
<meta http-equiv="Content-Type" content="text/html;charset=utf-8" />
  <meta name='ocr-system' content='tesseract 3.04.00' />
  <meta name='ocr-capabilities' content='ocr_page ocr_carea ocr_par ocr_line ocrx_word'/>
</head>
<body>
  <div class='ocr_page' id='page_1' title='image "./operaomniaquaegr21orig/operaomniaquaegr21orig_0112.png"; bbox 0 0 1404 2463; ppageno 0'>
   <div class='ocr_carea' id='block_1_1' title="bbox 228 89 871 127">
    <p class='ocr_par' dir='ltr' id='par_1_1' title="bbox 228 89 871 127">
     <span class='ocr_line' id='line_1_1' title="bbox 228 89 871 127; baseline -0.011 0"><span class='ocrx_word' id='word_1_1' title='bbox 228 92 273 127; x_wconf 80' lang='lat'>98</span> <span class='ocrx_word' id='word_1_2' title='bbox 698 89 871 122; x_wconf 74' lang='lat' dir='ltr'>Omcssms</span> 
     </span>
    </p>
   </div>
   <div class='ocr_carea' id='block_1_2' title="bbox 230 174 1356 1451">
    <p class='ocr_par' dir='ltr' id='par_1_2' title="bbox 230 174 1356 1451">
     <span class='ocr_line' id='line_1_2' title="bbox 230 174 1344 220; baseline -0.004 -9"><span class='ocrx_word' id='word_1_3' title='bbox 230 192 312 212; x_wconf 90' lang='lat' dir='ltr'>unus</span> <span class='ocrx_word' id='word_1_4' title='bbox 337 178 437 211; x_wconf 78' lang='lat' dir='ltr'>suerit</span> <span class='ocrx_word' id='word_1_5' title='bbox 458 178 498 210; x_wconf 78' lang='lat' dir='ltr'>dc</span> <span class='ocrx_word' id='word_1_6' title='bbox 522 177 586 210; x_wconf 72' lang='lat' dir='ltr'>inis</span> <span class='ocrx_word' id='word_1_7' title='bbox 611 177 729 210; x_wconf 73' lang='lat' dir='ltr'>sanctis</span> <span class='ocrx_word' id='word_1_8' title='bbox 752 176 922 220; x_wconf 74' lang='lat' dir='ltr'>beatisque.</span> <span class='ocrx_word' id='word_1_9' title='bbox 946 175 1142 214; x_wconf 72' lang='lat' dir='ltr'>virtutibus,</span> <span class='ocrx_word' id='word_1_10' title='bbox 1177 187 1257 219; x_wconf 78' lang='lat' dir='ltr'>quas</span> <span class='ocrx_word' id='word_1_11' title='bbox 1280 174 1344 206; x_wconf 80' lang='lat' dir='ltr'>uti-</span> 
     </span>
     <span class='ocr_line' id='line_1_3' title="bbox 231 236 1344 286; baseline -0.005 -12"><span class='ocrx_word' id='word_1_12' title='bbox 231 254 294 286; x_wconf 84' lang='lat' dir='ltr'>que</span> <span class='ocrx_word' id='word_1_13' title='bbox 324 242 356 273; x_wconf 85' lang='lat' dir='ltr'>in</span> <span class='ocrx_word' id='word_1_14' title='bbox 386 239 588 272; x_wconf 78' lang='lat' dir='ltr'>beatitudine</span> <span class='ocrx_word' id='word_1_15' title='bbox 619 238 761 284; x_wconf 75' lang='lat' dir='ltr'>positas,</span> <span class='ocrx_word' id='word_1_16' title='bbox 800 250 868 269; x_wconf 88' lang='lat' dir='ltr'>non</span> <span class='ocrx_word' id='word_1_17' title='bbox 899 236 965 268; x_wconf 67' lang='lat' dir='ltr'>alio</span> <span class='ocrx_word' id='word_1_18' title='bbox 999 250 1096 281; x_wconf 85' lang='lat' dir='ltr'>quam</span> <span class='ocrx_word' id='word_1_19' title='bbox 1129 236 1188 268; x_wconf 78' lang='lat' dir='ltr'>tali</span> <span class='ocrx_word' id='word_1_20' title='bbox 1215 236 1344 268; x_wconf 80' lang='lat' dir='ltr'>honore</span> 
     </span>
     <span class='ocr_line' id='line_1_4' title="bbox 230 298 1345 348; baseline -0.006 -11"><span class='ocrx_word' id='word_1_21' title='bbox 230 304 393 348; x_wconf 78' lang='lat' dir='ltr'>praeditas</span> <span class='ocrx_word' id='word_1_22' title='bbox 417 314 486 334; x_wconf 84' lang='lat' dir='ltr'>esse</span> <span class='ocrx_word' id='word_1_23' title='bbox 511 300 712 332; x_wconf 70' lang='lat' dir='ltr'>credendum</span> <span class='ocrx_word' id='word_1_24' title='bbox 738 298 808 331; x_wconf 81' lang='lat' dir='ltr'>est?</span> <span class='ocrx_word' id='word_1_25' title='bbox 831 298 900 331; x_wconf 88' lang='lat' dir='ltr'>Sed</span> <span class='ocrx_word' id='word_1_26' title='bbox 920 298 1090 330; x_wconf 79' lang='lat' dir='ltr'>videamus</span> <span class='ocrx_word' id='word_1_27' title='bbox 1106 299 1240 330; x_wconf 81' lang='lat' dir='ltr'>tandem</span> <span class='ocrx_word' id='word_1_28' title='bbox 1265 298 1345 342; x_wconf 89' lang='lat' dir='ltr'>quid</span> 
     </span>
     <span class='ocr_line' id='line_1_5' title="bbox 233 359 1346 408; baseline -0.005 -11"><span class='ocrx_word' id='word_1_29' title='bbox 233 365 330 397; x_wconf 80' lang='lat' dir='ltr'>etiam</span> <span class='ocrx_word' id='word_1_30' title='bbox 362 365 429 408; x_wconf 78' lang='lat' dir='ltr'>ipsa</span> <span class='ocrx_word' id='word_1_31' title='bbox 459 360 698 406; x_wconf 75' lang='lat' dir='ltr'>prophetine¹)</span> <span class='ocrx_word' id='word_1_32' title='bbox 731 360 828 390; x_wconf 79' lang='lat' dir='ltr'>verba</span> <span class='ocrx_word' id='word_1_33' title='bbox 860 372 921 392; x_wconf 86' lang='lat' dir='ltr'>nos</span> <span class='ocrx_word' id='word_1_34' title='bbox 953 361 1104 392; x_wconf 77' lang='lat' dir='ltr'>doceant.</span> <span class='ocrx_word' id='word_1_35' title='bbox 1161 359 1268 403; x_wconf 80' lang='lat' dir='ltr'>„Et²)</span> <span class='ocrx_word' id='word_1_36' title='bbox 1299 360 1346 391; x_wconf 81' lang='lat' dir='ltr'>fa-</span> 
     </span>
     <span class='ocr_line' id='line_1_6' title="bbox 233 420 1348 468; baseline -0.008 -8"><span class='ocrx_word' id='word_1_37' title='bbox 233 437 302 459; x_wconf 80' lang='lat' dir='ltr'>ctus</span> <span class='ocrx_word' id='word_1_38' title='bbox 327 430 405 464; x_wconf 80' lang='lat' dir='ltr'>est,“</span> <span class='ocrx_word' id='word_1_39' title='bbox 432 423 546 468; x_wconf 80' lang='lat' dir='ltr'>inquit,</span> <span class='ocrx_word' id='word_1_40' title='bbox 573 434 700 462; x_wconf 73' lang='lat' dir='ltr'>„sermo</span> <span class='ocrx_word' id='word_1_41' title='bbox 725 420 864 453; x_wconf 76' lang='lat' dir='ltr'>Domini</span> <span class='ocrx_word' id='word_1_42' title='bbox 886 422 927 453; x_wconf 82' lang='lat' dir='ltr'>ad</span> <span class='ocrx_word' id='word_1_43' title='bbox 954 435 1019 465; x_wconf 36' lang='lat' dir='ltr'>me,¹</span> <span class='ocrx_word' id='word_1_44' title='bbox 1045 422 1172 454; x_wconf 83' lang='lat' dir='ltr'>dicens:</span> <span class='ocrx_word' id='word_1_45' title='bbox 1196 420 1348 453; x_wconf 83' lang='lat' dir='ltr'>Fili-ho-</span> 
     </span>
     <span class='ocr_line' id='line_1_7' title="bbox 233 481 1348 529; baseline -0.005 -9"><span class='ocrx_word' id='word_1_46' title='bbox 233 488 344 526; x_wconf 84' lang='lat' dir='ltr'>minis,</span> <span class='ocrx_word' id='word_1_47' title='bbox 368 485 479 529; x_wconf 83' lang='lat' dir='ltr'>accipe</span> <span class='ocrx_word' id='word_1_48' title='bbox 506 484 686 516; x_wconf 76' lang='lat' dir='ltr'>lamentum</span> <span class='ocrx_word' id='word_1_49' title='bbox 712 495 812 525; x_wconf 82' lang='lat' dir='ltr'>super</span> <span class='ocrx_word' id='word_1_50' title='bbox 834 482 1020 526; x_wconf 72' lang='lat' dir='ltr'>principem</span> <span class='ocrx_word' id='word_1_51' title='bbox 1044 481 1142 528; x_wconf 73' lang='lat' dir='ltr'>Tyri,</span> <span class='ocrx_word' id='word_1_52' title='bbox 1166 491 1199 514; x_wconf 81' lang='lat' dir='ltr'>et</span> <span class='ocrx_word' id='word_1_53' title='bbox 1223 483 1276 515; x_wconf 77' lang='lat' dir='ltr'>dic</span> <span class='ocrx_word' id='word_1_54' title='bbox 1301 482 1348 514; x_wconf 81' lang='lat' dir='ltr'>ei:</span> 
     </span>
     <span class='ocr_line' id='line_1_8' title="bbox 232 543 1349 585; baseline -0.005 -3"><span class='ocrx_word' id='word_1_55' title='bbox 232 550 322 582; x_wconf 81' lang='lat' dir='ltr'>Haec</span> <span class='ocrx_word' id='word_1_56' title='bbox 353 547 432 580; x_wconf 80' lang='lat' dir='ltr'>dicit</span> <span class='ocrx_word' id='word_1_57' title='bbox 467 545 634 578; x_wconf 84' lang='lat' dir='ltr'>Dominus</span> <span class='ocrx_word' id='word_1_58' title='bbox 664 544 774 575; x_wconf 88' lang='lat' dir='ltr'>Deus:</span> <span class='ocrx_word' id='word_1_59' title='bbox 807 543 860 575; x_wconf 93' lang='lat' dir='ltr'>Tu</span> <span class='ocrx_word' id='word_1_60' title='bbox 880 543 1084 585; x_wconf 81' lang='lat' dir='ltr'>signaculum</span> <span class='ocrx_word' id='word_1_61' title='bbox 1109 543 1349 583; x_wconf 68' lang='lat' dir='ltr'>similitudinis,</span> 
     </span>
     <span class='ocr_line' id='line_1_9' title="bbox 234 604 1348 650; baseline -0.005 -6"><span class='ocrx_word' id='word_1_62' title='bbox 234 621 265 644; x_wconf 83' lang='lat' dir='ltr'>et</span> <span class='ocrx_word' id='word_1_63' title='bbox 290 622 411 643; x_wconf 80' lang='lat' dir='ltr'>corona</span> <span class='ocrx_word' id='word_1_64' title='bbox 435 607 577 645; x_wconf 86' lang='lat' dir='ltr'>decoris,</span> <span class='ocrx_word' id='word_1_65' title='bbox 602 607 634 638; x_wconf 90' lang='lat' dir='ltr'>in</span> <span class='ocrx_word' id='word_1_66' title='bbox 660 604 789 637; x_wconf 82' lang='lat' dir='ltr'>deliciis</span> <span class='ocrx_word' id='word_1_67' title='bbox 813 606 956 649; x_wconf 74' lang='lat' dir='ltr'>paradisi</span> <span class='ocrx_word' id='word_1_68' title='bbox 982 605 1095 638; x_wconf 84' lang='lat' dir='ltr'>fuisti:</span> <span class='ocrx_word' id='word_1_69' title='bbox 1121 606 1213 638; x_wconf 87' lang='lat' dir='ltr'>omni</span> <span class='ocrx_word' id='word_1_70' title='bbox 1237 605 1348 650; x_wconf 81' lang='lat' dir='ltr'>lapide</span> 
     </span>
     <span class='ocr_line' id='line_1_10' title="bbox 234 667 1350 714; baseline -0.004 -11"><span class='ocrx_word' id='word_1_71' title='bbox 234 673 286 705; x_wconf 81' lang='lat' dir='ltr'>vel</span> <span class='ocrx_word' id='word_1_72' title='bbox 310 682 437 714; x_wconf 81' lang='lat' dir='ltr'>gemma</span> <span class='ocrx_word' id='word_1_73' title='bbox 460 670 548 701; x_wconf 85' lang='lat' dir='ltr'>bona</span> <span class='ocrx_word' id='word_1_74' title='bbox 574 671 754 700; x_wconf 55' lang='lat' dir='ltr'>exornatus*</span> <span class='ocrx_word' id='word_1_75' title='bbox 773 679 824 706; x_wconf 86' lang='lat' dir='ltr'>es,</span> <span class='ocrx_word' id='word_1_76' title='bbox 848 676 881 699; x_wconf 82' lang='lat' dir='ltr'>et</span> <span class='ocrx_word' id='word_1_77' title='bbox 902 667 1038 700; x_wconf 75' lang='lat' dir='ltr'>indutus</span> <span class='ocrx_word' id='word_1_78' title='bbox 1062 667 1172 700; x_wconf 79' lang='lat' dir='ltr'>sardin</span> <span class='ocrx_word' id='word_1_79' title='bbox 1200 677 1233 699; x_wconf 87' lang='lat' dir='ltr'>et</span> <span class='ocrx_word' id='word_1_80' title='bbox 1255 677 1350 711; x_wconf 75' lang='lat' dir='ltr'><strong>topa-</strong></span> 
     </span>
     <span class='ocr_line' id='line_1_11' title="bbox 234 728 1351 776; baseline -0.005 -9"><span class='ocrx_word' id='word_1_81' title='bbox 234 734 297 775; x_wconf 84' lang='lat' dir='ltr'>zio,</span> <span class='ocrx_word' id='word_1_82' title='bbox 323 734 399 776; x_wconf 74' lang='lat' dir='ltr'>et3)</span> <span class='ocrx_word' id='word_1_83' title='bbox 425 730 607 772; x_wconf 82' lang='lat' dir='ltr'>smaragdo,</span> <span class='ocrx_word' id='word_1_84' title='bbox 632 738 665 760; x_wconf 83' lang='lat' dir='ltr'>et</span> <span class='ocrx_word' id='word_1_85' title='bbox 684 728 897 768; x_wconf 77' lang='lat' dir='ltr'>carbunculo,</span> <span class='ocrx_word' id='word_1_86' title='bbox 922 739 955 761; x_wconf 79' lang='lat' dir='ltr'>et</span> <span class='ocrx_word' id='word_1_87' title='bbox 969 729 1138 773; x_wconf 83' lang='lat' dir='ltr'>sapphiro,</span> <span class='ocrx_word' id='word_1_88' title='bbox 1162 739 1195 762; x_wconf 77' lang='lat' dir='ltr'>et</span> <span class='ocrx_word' id='word_1_89' title='bbox 1212 728 1351 774; x_wconf 70' lang='lat' dir='ltr'>jaspide,</span> 
     </span>
     <span class='ocr_line' id='line_1_12' title="bbox 235 790 1350 838; baseline -0.005 -10"><span class='ocrx_word' id='word_1_90' title='bbox 235 805 368 838; x_wconf 76' lang='lat' dir='ltr'>argento</span> <span class='ocrx_word' id='word_1_91' title='bbox 394 803 427 826; x_wconf 77' lang='lat' dir='ltr'>et</span> <span class='ocrx_word' id='word_1_92' title='bbox 450 804 529 825; x_wconf 79' lang='lat' dir='ltr'>auro</span> <span class='ocrx_word' id='word_1_93' title='bbox 555 790 739 834; x_wconf 78' lang='lat' dir='ltr'>insc1·tis,⁴)</span> <span class='ocrx_word' id='word_1_94' title='bbox 765 799 798 822; x_wconf 82' lang='lat' dir='ltr'>et</span> <span class='ocrx_word' id='word_1_95' title='bbox 822 790 950 830; x_wconf 78' lang='lat' dir='ltr'>achate,</span> <span class='ocrx_word' id='word_1_96' title='bbox 986 792 1173 837; x_wconf 76' lang='lat' dir='ltr'>amethyslo</span> <span class='ocrx_word' id='word_1_97' title='bbox 1199 800 1231 824; x_wconf 85' lang='lat' dir='ltr'>et</span> <span class='ocrx_word' id='word_1_98' title='bbox 1255 791 1350 837; x_wconf 84' lang='lat' dir='ltr'>chry-</span> 
     </span>
     <span class='ocr_line' id='line_1_13' title="bbox 236 851 1352 899; baseline -0.006 -8"><span class='ocrx_word' id='word_1_99' title='bbox 236 857 370 896; x_wconf 80' lang='lat' dir='ltr'>solitho,</span> <span class='ocrx_word' id='word_1_100' title='bbox 394 865 427 888; x_wconf 81' lang='lat' dir='ltr'>et</span> <span class='ocrx_word' id='word_1_101' title='bbox 450 853 578 899; x_wconf 76' lang='lat' dir='ltr'>beryllo</span> <span class='ocrx_word' id='word_1_102' title='bbox 604 862 637 884; x_wconf 83' lang='lat' dir='ltr'>et</span> <span class='ocrx_word' id='word_1_103' title='bbox 660 851 821 897; x_wconf 77' lang='lat' dir='ltr'>onychi03</span> <span class='ocrx_word' id='word_1_104' title='bbox 850 865 931 884; x_wconf 80' lang='lat' dir='ltr'>auro</span> <span class='ocrx_word' id='word_1_105' title='bbox 964 865 1098 897; x_wconf 88' lang='lat' dir='ltr'>quoque</span> <span class='ocrx_word' id='word_1_106' title='bbox 1122 851 1259 897; x_wconf 72' lang='lat' dir='ltr'><strong>replesti</strong></span> <span class='ocrx_word' id='word_1_107' title='bbox 1281 852 1352 884; x_wconf 86' lang='lat' dir='ltr'>the-</span> 
     </span>
     <span class='ocr_line' id='line_1_14' title="bbox 236 912 1353 959; baseline -0.007 -6"><span class='ocrx_word' id='word_1_108' title='bbox 236 932 348 953; x_wconf 85' lang='lat' dir='ltr'><strong>sauros</strong></span> <span class='ocrx_word' id='word_1_109' title='bbox 371 928 465 956; x_wconf 80' lang='lat' dir='ltr'>mos,</span> <span class='ocrx_word' id='word_1_110' title='bbox 504 924 538 947; x_wconf 81' lang='lat' dir='ltr'>et</span> <span class='ocrx_word' id='word_1_111' title='bbox 569 912 797 959; x_wconf 80' lang='lat' dir='ltr'>promptuaria</span> <span class='ocrx_word' id='word_1_112' title='bbox 820 923 877 946; x_wconf 81' lang='lat' dir='ltr'>tua</span> <span class='ocrx_word' id='word_1_113' title='bbox 902 914 935 946; x_wconf 89' lang='lat' dir='ltr'>in</span> <span class='ocrx_word' id='word_1_114' title='bbox 958 923 1062 946; x_wconf 75' lang='lat' dir='ltr'>temet</span> <span class='ocrx_word' id='word_1_115' title='bbox 1086 915 1169 958; x_wconf 87' lang='lat' dir='ltr'>ipso.</span> <span class='ocrx_word' id='word_1_116' title='bbox 1216 914 1266 946; x_wconf 87' lang='lat' dir='ltr'>Ex</span> <span class='ocrx_word' id='word_1_117' title='bbox 1290 927 1353 959; x_wconf 82' lang='lat' dir='ltr'>qua</span> 
     </span>
     <span class='ocr_line' id='line_1_15' title="bbox 238 975 1351 1020; baseline -0.006 -6"><span class='ocrx_word' id='word_1_118' title='bbox 238 981 290 1014; x_wconf 86' lang='lat' dir='ltr'>die</span> <span class='ocrx_word' id='word_1_119' title='bbox 316 989 441 1012; x_wconf 79' lang='lat' dir='ltr'>creatus</span> <span class='ocrx_word' id='word_1_120' title='bbox 466 991 499 1010; x_wconf 86' lang='lat' dir='ltr'>es</span> <span class='ocrx_word' id='word_1_121' title='bbox 525 989 598 1009; x_wconf 90' lang='lat' dir='ltr'>cum</span> <span class='ocrx_word' id='word_1_122' title='bbox 625 975 823 1015; x_wconf 80' lang='lat' dir='ltr'>Cherubim,</span> <span class='ocrx_word' id='word_1_123' title='bbox 857 975 956 1020; x_wconf 90' lang='lat' dir='ltr'>posui</span> <span class='ocrx_word' id='word_1_124' title='bbox 987 985 1019 1008; x_wconf 84' lang='lat' dir='ltr'>te</span> <span class='ocrx_word' id='word_1_125' title='bbox 1043 975 1076 1008; x_wconf 90' lang='lat' dir='ltr'>in</span> <span class='ocrx_word' id='word_1_126' title='bbox 1101 985 1216 1008; x_wconf 82' lang='lat' dir='ltr'>monte</span> <span class='ocrx_word' id='word_1_127' title='bbox 1239 985 1351 1009; x_wconf 79' lang='lat' dir='ltr'>sancto</span> 
     </span>
     <span class='ocr_line' id='line_1_16' title="bbox 236 1037 1353 1082; baseline -0.004 -7"><span class='ocrx_word' id='word_1_128' title='bbox 236 1042 312 1075; x_wconf 84' lang='lat' dir='ltr'>Dei.</span> <span class='ocrx_word' id='word_1_129' title='bbox 359 1039 466 1073; x_wconf 81' lang='lat' dir='ltr'>Fuisti</span> <span class='ocrx_word' id='word_1_130' title='bbox 490 1039 522 1071; x_wconf 87' lang='lat' dir='ltr'>in</span> <span class='ocrx_word' id='word_1_131' title='bbox 547 1038 660 1070; x_wconf 83' lang='lat' dir='ltr'>medio</span> <span class='ocrx_word' id='word_1_132' title='bbox 685 1037 836 1082; x_wconf 85' lang='lat' dir='ltr'>lapidum</span> <span class='ocrx_word' id='word_1_133' title='bbox 859 1037 1051 1078; x_wconf 81' lang='lat' dir='ltr'>igneorum:</span> <span class='ocrx_word' id='word_1_134' title='bbox 1077 1037 1170 1070; x_wconf 88' lang='lat' dir='ltr'>suisti</span> <span class='ocrx_word' id='word_1_135' title='bbox 1192 1038 1353 1070; x_wconf 80' lang='lat' dir='ltr'>immacu-</span> 
     </span>
     <span class='ocr_line' id='line_1_17' title="bbox 238 1098 1352 1143; baseline -0.004 -8"><span class='ocrx_word' id='word_1_136' title='bbox 238 1104 320 1135; x_wconf 79' lang='lat' dir='ltr'>latus</span> <span class='ocrx_word' id='word_1_137' title='bbox 345 1111 381 1134; x_wconf 84' lang='lat' dir='ltr'>tu</span> <span class='ocrx_word' id='word_1_138' title='bbox 404 1101 438 1134; x_wconf 90' lang='lat' dir='ltr'>in</span> <span class='ocrx_word' id='word_1_139' title='bbox 462 1100 580 1133; x_wconf 86' lang='lat' dir='ltr'>diebus</span> <span class='ocrx_word' id='word_1_140' title='bbox 604 1099 679 1138; x_wconf 85' lang='lat' dir='ltr'>tuis,</span> <span class='ocrx_word' id='word_1_141' title='bbox 703 1111 742 1131; x_wconf 85' lang='lat' dir='ltr'>ex</span> <span class='ocrx_word' id='word_1_142' title='bbox 757 1099 788 1142; x_wconf 78' lang='lat'>⁵)</span> <span class='ocrx_word' id='word_1_143' title='bbox 815 1111 878 1143; x_wconf 86' lang='lat' dir='ltr'>qua</span> <span class='ocrx_word' id='word_1_144' title='bbox 901 1098 954 1130; x_wconf 85' lang='lat' dir='ltr'>die</span> <span class='ocrx_word' id='word_1_145' title='bbox 971 1108 1098 1131; x_wconf 84' lang='lat' dir='ltr'>creatus</span> <span class='ocrx_word' id='word_1_146' title='bbox 1116 1112 1148 1131; x_wconf 89' lang='lat' dir='ltr'>es</span> <span class='ocrx_word' id='word_1_147' title='bbox 1169 1109 1216 1138; x_wconf 68' lang='lat' dir='ltr'>iu,</span> <span class='ocrx_word' id='word_1_148' title='bbox 1245 1099 1352 1132; x_wconf 86' lang='lat' dir='ltr'>donec</span> 
     </span>
     <span class='ocr_line' id='line_1_18' title="bbox 237 1159 1354 1205; baseline -0.004 -8"><span class='ocrx_word' id='word_1_149' title='bbox 237 1163 436 1203; x_wconf 63' lang='lat' dir='ltr'>inventaef’)</span> <span class='ocrx_word' id='word_1_150' title='bbox 460 1170 535 1194; x_wconf 78' lang='lat' dir='ltr'>sunt</span> <span class='ocrx_word' id='word_1_151' title='bbox 558 1160 748 1205; x_wconf 81' lang='lat' dir='ltr'>iniquitates</span> <span class='ocrx_word' id='word_1_152' title='bbox 771 1160 807 1192; x_wconf 86' lang='lat' dir='ltr'>in</span> <span class='ocrx_word' id='word_1_153' title='bbox 830 1169 880 1192; x_wconf 77' lang='lat' dir='ltr'>te:</span> <span class='ocrx_word' id='word_1_154' title='bbox 906 1172 943 1192; x_wconf 79' lang='lat' dir='ltr'>ex</span> <span class='ocrx_word' id='word_1_155' title='bbox 968 1159 1182 1192; x_wconf 83' lang='lat' dir='ltr'>multitudine</span> <span class='ocrx_word' id='word_1_156' title='bbox 1206 1160 1354 1201; x_wconf 78' lang='lat' dir='ltr'>negotia-</span> 
     </span>
     <span class='ocr_line' id='line_1_19' title="bbox 238 1220 1355 1267; baseline -0.004 -10"><span class='ocrx_word' id='word_1_157' title='bbox 238 1225 339 1258; x_wconf 85' lang='lat' dir='ltr'>tionis</span> <span class='ocrx_word' id='word_1_158' title='bbox 363 1233 437 1256; x_wconf 81' lang='lat' dir='ltr'>tuae</span> <span class='ocrx_word' id='word_1_159' title='bbox 461 1223 596 1267; x_wconf 72' lang='lat' dir='ltr'>replesti</span> <span class='ocrx_word' id='word_1_160' title='bbox 620 1221 795 1266; x_wconf 80' lang='lat' dir='ltr'>iniquitate</span> <span class='ocrx_word' id='word_1_161' title='bbox 825 1220 1055 1266; x_wconf 77' lang='lat' dir='ltr'>promptuaria</span> <span class='ocrx_word' id='word_1_162' title='bbox 1079 1231 1156 1262; x_wconf 79' lang='lat' dir='ltr'>tua,</span> <span class='ocrx_word' id='word_1_163' title='bbox 1182 1229 1215 1254; x_wconf 86' lang='lat' dir='ltr'>et</span> <span class='ocrx_word' id='word_1_164' title='bbox 1238 1234 1355 1266; x_wconf 84' lang='lat' dir='ltr'>pecca-</span> 
     </span>
     <span class='ocr_line' id='line_1_20' title="bbox 240 1274 1356 1328; baseline -0.004 -9"><span class='ocrx_word' id='word_1_165' title='bbox 240 1287 293 1326; x_wconf 86' lang='lat' dir='ltr'>sti,</span> <span class='ocrx_word' id='word_1_166' title='bbox 317 1296 350 1318; x_wconf 86' lang='lat' dir='ltr'>et</span> <span class='ocrx_word' id='word_1_167' title='bbox 374 1284 608 1328; x_wconf 75' lang='lat' dir='ltr'>vulneratus7)</span> <span class='ocrx_word' id='word_1_168' title='bbox 640 1297 673 1316; x_wconf 88' lang='lat' dir='ltr'>es</span> <span class='ocrx_word' id='word_1_169' title='bbox 703 1296 722 1315; x_wconf 87' lang='lat' dir='ltr'>a</span> <span class='ocrx_word' id='word_1_170' title='bbox 751 1292 866 1315; x_wconf 87' lang='lat' dir='ltr'>monte</span> <span class='ocrx_word' id='word_1_171' title='bbox 897 1274 975 1315; x_wconf 67' lang='lat' dir='ltr'>Def.</span> <span class='ocrx_word' id='word_1_172' title='bbox 1019 1283 1064 1316; x_wconf 80' lang='lat' dir='ltr'>Et</span> <span class='ocrx_word' id='word_1_173' title='bbox 1091 1282 1190 1328; x_wconf 79' lang='lat' dir='ltr'>ejecit</span> <span class='ocrx_word' id='word_1_174' title='bbox 1211 1292 1244 1316; x_wconf 84' lang='lat' dir='ltr'>te</span> <span class='ocrx_word' id='word_1_175' title='bbox 1269 1283 1356 1316; x_wconf 85' lang='lat' dir='ltr'>Che-</span> 
     </span>
     <span class='ocr_line' id='line_1_21' title="bbox 241 1343 1355 1388; baseline -0.004 -7"><span class='ocrx_word' id='word_1_176' title='bbox 241 1349 302 1381; x_wconf 84' lang='lat' dir='ltr'>rub</span> <span class='ocrx_word' id='word_1_177' title='bbox 327 1348 369 1380; x_wconf 91' lang='lat' dir='ltr'>de</span> <span class='ocrx_word' id='word_1_178' title='bbox 392 1345 503 1378; x_wconf 88' lang='lat' dir='ltr'>medio</span> <span class='ocrx_word' id='word_1_179' title='bbox 529 1344 678 1388; x_wconf 83' lang='lat' dir='ltr'>lapidum</span> <span class='ocrx_word' id='word_1_180' title='bbox 701 1343 898 1386; x_wconf 74' lang='lat' dir='ltr'>ignitorum:</span> <span class='ocrx_word' id='word_1_181' title='bbox 923 1354 953 1376; x_wconf 75' lang='lat' dir='ltr'>et</span> <span class='ocrx_word' id='word_1_182' title='bbox 971 1345 1094 1377; x_wconf 82' lang='lat' dir='ltr'>elatum</span> <span class='ocrx_word' id='word_1_183' title='bbox 1111 1354 1160 1378; x_wconf 83' lang='lat' dir='ltr'>est</span> <span class='ocrx_word' id='word_1_184' title='bbox 1179 1358 1239 1377; x_wconf 87' lang='lat' dir='ltr'>cor</span> <span class='ocrx_word' id='word_1_185' title='bbox 1259 1353 1355 1378; x_wconf 78' lang='lat' dir='ltr'>tuum</span> 
     </span>
     <span class='ocr_line' id='line_1_22' title="bbox 242 1404 1356 1451; baseline -0.003 -9"><span class='ocrx_word' id='word_1_186' title='bbox 242 1410 276 1443; x_wconf 85' lang='lat' dir='ltr'>in</span> <span class='ocrx_word' id='word_1_187' title='bbox 300 1410 422 1441; x_wconf 85' lang='lat' dir='ltr'>decore</span> <span class='ocrx_word' id='word_1_188' title='bbox 445 1416 516 1446; x_wconf 76' lang='lat' dir='ltr'>tuo,</span> <span class='ocrx_word' id='word_1_189' title='bbox 540 1415 695 1450; x_wconf 81' lang='lat' dir='ltr'>corrupta</span> <span class='ocrx_word' id='word_1_190' title='bbox 720 1414 768 1437; x_wconf 88' lang='lat' dir='ltr'>est</span> <span class='ocrx_word' id='word_1_191' title='bbox 792 1404 967 1449; x_wconf 78' lang='lat' dir='ltr'>disciplina</span> <span class='ocrx_word' id='word_1_192' title='bbox 992 1416 1047 1438; x_wconf 83' lang='lat' dir='ltr'>tua</span> <span class='ocrx_word' id='word_1_193' title='bbox 1072 1419 1147 1438; x_wconf 89' lang='lat' dir='ltr'>cum</span> <span class='ocrx_word' id='word_1_194' title='bbox 1169 1407 1356 1451; x_wconf 79' lang='lat' dir='ltr'>pulchritu-</span> 
     </span>
    </p>
   </div>
   <div class='ocr_carea' id='block_1_3' title="bbox 244 1466 1356 1515">
    <p class='ocr_par' dir='ltr' id='par_1_3' title="bbox 244 1466 1356 1515">
     <span class='ocr_line' id='line_1_23' title="bbox 244 1466 1356 1515; baseline -0.003 -11"><span class='ocrx_word' id='word_1_195' title='bbox 244 1471 366 1515; x_wconf 74' lang='lat' dir='ltr'>dine8)</span> <span class='ocrx_word' id='word_1_196' title='bbox 402 1478 473 1501; x_wconf 80' lang='lat' dir='ltr'>tua:</span> <span class='ocrx_word' id='word_1_197' title='bbox 511 1477 653 1512; x_wconf 85' lang='lat' dir='ltr'>propter</span> <span class='ocrx_word' id='word_1_198' title='bbox 689 1466 939 1499; x_wconf 79' lang='lat' dir='ltr'>multitudinem</span> <span class='ocrx_word' id='word_1_199' title='bbox 976 1476 1191 1512; x_wconf 77' lang='lat' dir='ltr'>peccatorum</span> <span class='ocrx_word' id='word_1_200' title='bbox 1221 1477 1356 1501; x_wconf 84' lang='lat' dir='ltr'>tuorum</span> 
     </span>
    </p>
   </div>
   <div class='ocr_carea' id='block_1_4' title="bbox 333 1633 1355 1738">
    <p class='ocr_par' dir='ltr' id='par_1_4' title="bbox 333 1633 1355 1738">
     <span class='ocr_line' id='line_1_24' title="bbox 339 1633 1355 1682; baseline -0.002 -12"><span class='ocrx_word' id='word_1_201' title='bbox 339 1638 367 1682; x_wconf 90' lang='lat'>¹)</span> <span class='ocrx_word' id='word_1_202' title='bbox 392 1637 448 1671; x_wconf 89' lang='lat' dir='ltr'>Sic</span> <span class='ocrx_word' id='word_1_203' title='bbox 465 1636 546 1669; x_wconf 77' lang='lat' dir='ltr'>Mss.</span> <span class='ocrx_word' id='word_1_204' title='bbox 559 1634 649 1666; x_wconf 87' lang='lat' dir='ltr'>Libri</span> <span class='ocrx_word' id='word_1_205' title='bbox 666 1634 745 1667; x_wconf 85' lang='lat' dir='ltr'>editi</span> <span class='ocrx_word' id='word_1_206' title='bbox 764 1633 810 1677; x_wconf 76' lang='grc' dir='ltr'>(ν.</span> <span class='ocrx_word' id='word_1_207' title='bbox 828 1647 855 1667; x_wconf 90' lang='lat' dir='ltr'>c.</span> <span class='ocrx_word' id='word_1_208' title='bbox 875 1635 948 1667; x_wconf 87' lang='lat' dir='ltr'>edd.</span> <span class='ocrx_word' id='word_1_209' title='bbox 967 1635 1034 1679; x_wconf 82' lang='lat' dir='ltr'>M.)</span> <span class='ocrx_word' id='word_1_210' title='bbox 1053 1635 1300 1680; x_wconf 82' lang='lat' dir='ltr'>„prophetica.“</span> <span class='ocrx_word' id='word_1_211' title='bbox 1317 1637 1355 1670; x_wconf 85' lang='lat' dir='ltr'>R.</span> 
     </span>
     <span class='ocr_line' id='line_1_25' title="bbox 333 1690 962 1738; baseline -0.005 -13"><span class='ocrx_word' id='word_1_212' title='bbox 333 1697 369 1738; x_wconf 86' lang='grc'>2)</span> <span class='ocrx_word' id='word_1_213' title='bbox 395 1693 465 1726; x_wconf 85' lang='lat' dir='ltr'>Csr.</span> <span class='ocrx_word' id='word_1_214' title='bbox 488 1692 610 1724; x_wconf 79' lang='lat' dir='ltr'>Ezech.</span> <span class='ocrx_word' id='word_1_215' title='bbox 636 1691 795 1729; x_wconf 73' lang='lat' dir='ltr'>XXWM,</span> <span class='ocrx_word' id='word_1_216' title='bbox 821 1690 962 1724; x_wconf 82' lang='grc'><strong>11-19.</strong></span> 
     </span>
    </p>
   </div>
   <div class='ocr_carea' id='block_1_5' title="bbox 245 1745 1357 1882">
    <p class='ocr_par' dir='ltr' id='par_1_5' title="bbox 245 1745 1357 1882">
     <span class='ocr_line' id='line_1_26' title="bbox 334 1745 1357 1793; baseline -0.001 -12"><span class='ocrx_word' id='word_1_217' title='bbox 334 1752 367 1792; x_wconf 84' lang='lat'>³)</span> <span class='ocrx_word' id='word_1_218' title='bbox 391 1747 631 1781; x_wconf 78' lang='lat' dir='ltr'>Desiderantur</span> <span class='ocrx_word' id='word_1_219' title='bbox 660 1746 693 1778; x_wconf 83' lang='lat' dir='ltr'>in</span> <span class='ocrx_word' id='word_1_220' title='bbox 724 1755 818 1777; x_wconf 76' lang='lat' dir='ltr'>antea</span> <span class='ocrx_word' id='word_1_221' title='bbox 848 1745 945 1777; x_wconf 78' lang='lat' dir='ltr'>editis</span> <span class='ocrx_word' id='word_1_222' title='bbox 970 1746 1013 1789; x_wconf 80' lang='lat' dir='ltr'>(v,</span> <span class='ocrx_word' id='word_1_223' title='bbox 1048 1759 1074 1777; x_wconf 90' lang='lat' dir='ltr'>c.</span> <span class='ocrx_word' id='word_1_224' title='bbox 1099 1748 1174 1780; x_wconf 87' lang='lat' dir='ltr'>edd.</span> <span class='ocrx_word' id='word_1_225' title='bbox 1199 1749 1276 1793; x_wconf 84' lang='lat' dir='ltr'>M),</span> <span class='ocrx_word' id='word_1_226' title='bbox 1299 1750 1357 1781; x_wconf 78' lang='lat' dir='ltr'>sed</span> 
     </span>
     <span class='ocr_line' id='line_1_27' title="bbox 245 1791 1356 1835; baseline -0.008 -6"><span class='ocrx_word' id='word_1_227' title='bbox 245 1797 406 1829; x_wconf 82' lang='lat' dir='ltr'>habemur</span> <span class='ocrx_word' id='word_1_228' title='bbox 428 1794 462 1825; x_wconf 90' lang='lat' dir='ltr'>in</span> <span class='ocrx_word' id='word_1_229' title='bbox 492 1791 646 1824; x_wconf 88' lang='lat' dir='ltr'>omnibus</span> <span class='ocrx_word' id='word_1_230' title='bbox 678 1791 755 1823; x_wconf 83' lang='lat' dir='ltr'>Mss.</span> <span class='ocrx_word' id='word_1_231' title='bbox 782 1791 896 1822; x_wconf 80' lang='lat' dir='ltr'>verba:</span> <span class='ocrx_word' id='word_1_232' title='bbox 933 1801 986 1831; x_wconf 83' lang='lat' dir='ltr'>„et</span> <span class='ocrx_word' id='word_1_233' title='bbox 1017 1794 1188 1835; x_wconf 77' lang='lat' dir='ltr'>smaragdo</span> <span class='ocrx_word' id='word_1_234' title='bbox 1225 1803 1257 1827; x_wconf 74' lang='lat' dir='ltr'>et</span> <span class='ocrx_word' id='word_1_235' title='bbox 1289 1808 1356 1827; x_wconf 68' lang='lat' dir='ltr'>car-</span> 
     </span>
     <span class='ocr_line' id='line_1_28' title="bbox 245 1836 729 1882; baseline -0.017 -7"><span class='ocrx_word' id='word_1_236' title='bbox 245 1841 392 1875; x_wconf 86' lang='lat' dir='ltr'>bunculo</span> <span class='ocrx_word' id='word_1_237' title='bbox 417 1848 450 1871; x_wconf 85' lang='lat' dir='ltr'>et</span> <span class='ocrx_word' id='word_1_238' title='bbox 472 1836 661 1882; x_wconf 82' lang='lat' dir='ltr'>sapphiro.“</span> <span class='ocrx_word' id='word_1_239' title='bbox 687 1836 729 1870; x_wconf 84' lang='lat' dir='ltr'>R.</span> 
     </span>
    </p>
   </div>
   <div class='ocr_carea' id='block_1_6' title="bbox 338 1891 1360 2052">
    <p class='ocr_par' dir='ltr' id='par_1_6' title="bbox 338 1891 1360 2052">
     <span class='ocr_line' id='line_1_29' title="bbox 338 1891 1322 1940; baseline -0.003 -12"><span class='ocrx_word' id='word_1_240' title='bbox 338 1897 370 1940; x_wconf 61' lang='grc' dir='ltr'>ι)</span> <span class='ocrx_word' id='word_1_241' title='bbox 395 1895 451 1930; x_wconf 86' lang='lat' dir='ltr'>Sic</span> <span class='ocrx_word' id='word_1_242' title='bbox 475 1894 552 1927; x_wconf 85' lang='lat' dir='ltr'>Mss.</span> <span class='ocrx_word' id='word_1_243' title='bbox 578 1892 669 1925; x_wconf 86' lang='lat' dir='ltr'>Alias</span> <span class='ocrx_word' id='word_1_244' title='bbox 693 1895 738 1936; x_wconf 80' lang='lat' dir='ltr'>(v,</span> <span class='ocrx_word' id='word_1_245' title='bbox 765 1905 792 1924; x_wconf 90' lang='lat' dir='ltr'>c.</span> <span class='ocrx_word' id='word_1_246' title='bbox 816 1891 849 1923; x_wconf 88' lang='lat' dir='ltr'>in</span> <span class='ocrx_word' id='word_1_247' title='bbox 875 1891 949 1923; x_wconf 84' lang='lat' dir='ltr'>edd.</span> <span class='ocrx_word' id='word_1_248' title='bbox 975 1892 1039 1936; x_wconf 86' lang='lat' dir='ltr'>M.)</span> <span class='ocrx_word' id='word_1_249' title='bbox 1067 1892 1258 1933; x_wconf 80' lang='lat' dir='ltr'>„insertus,“</span> <span class='ocrx_word' id='word_1_250' title='bbox 1284 1896 1322 1929; x_wconf 77' lang='lat' dir='ltr'>R,</span> 
     </span>
     <span class='ocr_line' id='line_1_30' title="bbox 339 1949 793 1996; baseline -0.013 -12"><span class='ocrx_word' id='word_1_251' title='bbox 339 1953 371 1996; x_wconf 79' lang='lat'>⁵)</span> <span class='ocrx_word' id='word_1_252' title='bbox 395 1951 457 1983; x_wconf 86' lang='lat' dir='ltr'>Ed.</span> <span class='ocrx_word' id='word_1_253' title='bbox 482 1950 530 1982; x_wconf 87' lang='grc' dir='ltr'>Μ.</span> <span class='ocrx_word' id='word_1_254' title='bbox 556 1949 595 1981; x_wconf 81' lang='grc' dir='ltr'>Η.</span> <span class='ocrx_word' id='word_1_255' title='bbox 623 1957 676 1989; x_wconf 74' lang='lat' dir='ltr'>„et</span> <span class='ocrx_word' id='word_1_256' title='bbox 699 1951 793 1991; x_wconf 80' lang='lat' dir='ltr'>qua.“</span> 
     </span>
     <span class='ocr_line' id='line_1_31' title="bbox 338 2004 1360 2052; baseline -0.007 -12"><span class='ocrx_word' id='word_1_257' title='bbox 338 2009 371 2052; x_wconf 75' lang='grc' dir='ltr'>ὃ)</span> <span class='ocrx_word' id='word_1_258' title='bbox 397 2006 452 2040; x_wconf 81' lang='lat' dir='ltr'>Sic</span> <span class='ocrx_word' id='word_1_259' title='bbox 472 2006 550 2038; x_wconf 85' lang='lat' dir='ltr'>Mss.</span> <span class='ocrx_word' id='word_1_260' title='bbox 571 2004 778 2037; x_wconf 79' lang='lat' dir='ltr'>Genebrard.</span> <span class='ocrx_word' id='word_1_261' title='bbox 800 2016 877 2036; x_wconf 81' lang='lat' dir='ltr'>vero</span> <span class='ocrx_word' id='word_1_262' title='bbox 902 2004 1032 2048; x_wconf 74' lang='lat' dir='ltr'>(itemq.</span> <span class='ocrx_word' id='word_1_263' title='bbox 1058 2005 1132 2038; x_wconf 82' lang='lat' dir='ltr'>edd.</span> <span class='ocrx_word' id='word_1_264' title='bbox 1157 2005 1222 2050; x_wconf 88' lang='lat' dir='ltr'>M.)</span> <span class='ocrx_word' id='word_1_265' title='bbox 1248 2020 1360 2047; x_wconf 78' lang='lat' dir='ltr'>„com-</span> 
     </span>
    </p>
   </div>
   <div class='ocr_carea' id='block_1_7' title="bbox 247 2050 541 2086">
    <p class='ocr_par' dir='ltr' id='par_1_7' title="bbox 247 2050 541 2086">
     <span class='ocr_line' id='line_1_32' title="bbox 247 2050 541 2086; baseline -0.017 1"><span class='ocrx_word' id='word_1_266' title='bbox 247 2052 475 2086; x_wconf 81' lang='lat' dir='ltr'>minuendae.“</span> <span class='ocrx_word' id='word_1_267' title='bbox 502 2050 541 2082; x_wconf 87' lang='lat' dir='ltr'>R.</span> 
     </span>
    </p>
   </div>
   <div class='ocr_carea' id='block_1_8' title="bbox 340 2105 1357 2152">
    <p class='ocr_par' dir='ltr' id='par_1_8' title="bbox 340 2105 1357 2152">
     <span class='ocr_line' id='line_1_33' title="bbox 340 2105 1357 2152; baseline 0 -12"><span class='ocrx_word' id='word_1_268' title='bbox 340 2108 373 2152; x_wconf 74' lang='grc'>7&gt;</span> <span class='ocrx_word' id='word_1_269' title='bbox 397 2107 453 2140; x_wconf 77' lang='lat' dir='ltr'>Sic</span> <span class='ocrx_word' id='word_1_270' title='bbox 476 2106 554 2138; x_wconf 72' lang='grc' dir='ltr'>Μεε.</span> <span class='ocrx_word' id='word_1_271' title='bbox 591 2106 683 2139; x_wconf 84' lang='lat' dir='ltr'>Libri</span> <span class='ocrx_word' id='word_1_272' title='bbox 716 2106 794 2138; x_wconf 76' lang='lat' dir='ltr'>editi</span> <span class='ocrx_word' id='word_1_273' title='bbox 825 2107 871 2149; x_wconf 76' lang='lat' dir='ltr'>(V.</span> <span class='ocrx_word' id='word_1_274' title='bbox 899 2119 926 2138; x_wconf 91' lang='lat' dir='ltr'>e.</span> <span class='ocrx_word' id='word_1_275' title='bbox 951 2106 1025 2138; x_wconf 82' lang='lat' dir='ltr'>edd.</span> <span class='ocrx_word' id='word_1_276' title='bbox 1049 2105 1116 2150; x_wconf 88' lang='grc' dir='ltr'>Μ.)</span> <span class='ocrx_word' id='word_1_277' title='bbox 1147 2106 1357 2146; x_wconf 78' lang='lat' dir='ltr'>„vulneratus</span> 
     </span>
    </p>
   </div>
   <div class='ocr_carea' id='block_1_9' title="bbox 252 2151 1359 2311">
    <p class='ocr_par' dir='ltr' id='par_1_9' title="bbox 252 2151 1359 2311">
     <span class='ocr_line' id='line_1_34' title="bbox 252 2151 1356 2196; baseline -0.002 -9"><span class='ocrx_word' id='word_1_278' title='bbox 252 2167 297 2196; x_wconf 82' lang='lat' dir='ltr'>es,</span> <span class='ocrx_word' id='word_1_279' title='bbox 313 2163 346 2186; x_wconf 88' lang='lat' dir='ltr'>et</span> <span class='ocrx_word' id='word_1_280' title='bbox 363 2166 381 2185; x_wconf 85' lang='lat' dir='ltr'>a</span> <span class='ocrx_word' id='word_1_281' title='bbox 395 2160 510 2184; x_wconf 85' lang='lat' dir='ltr'>monte</span> <span class='ocrx_word' id='word_1_282' title='bbox 525 2151 590 2184; x_wconf 85' lang='lat' dir='ltr'>Dei</span> <span class='ocrx_word' id='word_1_283' title='bbox 608 2151 690 2196; x_wconf 80' lang='lat' dir='ltr'>ejeci</span> <span class='ocrx_word' id='word_1_284' title='bbox 707 2161 738 2184; x_wconf 82' lang='lat' dir='ltr'>te</span> <span class='ocrx_word' id='word_1_285' title='bbox 755 2152 887 2184; x_wconf 88' lang='lat' dir='ltr'>Cherub</span> <span class='ocrx_word' id='word_1_286' title='bbox 905 2152 946 2183; x_wconf 81' lang='lat' dir='ltr'>de</span> <span class='ocrx_word' id='word_1_287' title='bbox 968 2171 1002 2175; x_wconf 86' lang='lat'>—</span> <span class='ocrx_word' id='word_1_288' title='bbox 1016 2151 1210 2192; x_wconf 70' lang='lat' dir='ltr'>igneorum⁶⁴</span> <span class='ocrx_word' id='word_1_289' title='bbox 1236 2162 1296 2185; x_wconf 82' lang='lat' dir='ltr'>etc.</span> <span class='ocrx_word' id='word_1_290' title='bbox 1319 2154 1356 2186; x_wconf 82' lang='lat' dir='ltr'>R.</span> 
     </span>
     <span class='ocr_line' id='line_1_35' title="bbox 341 2207 1359 2252; baseline 0.002 -13"><span class='ocrx_word' id='word_1_291' title='bbox 341 2211 374 2252; x_wconf 70' lang='lat'>⁸)</span> <span class='ocrx_word' id='word_1_292' title='bbox 399 2208 447 2240; x_wconf 81' lang='lat' dir='ltr'>lta</span> <span class='ocrx_word' id='word_1_293' title='bbox 475 2207 553 2240; x_wconf 84' lang='lat' dir='ltr'>Mss.</span> <span class='ocrx_word' id='word_1_294' title='bbox 593 2208 698 2241; x_wconf 80' lang='lat' dir='ltr'>Alias:</span> <span class='ocrx_word' id='word_1_295' title='bbox 742 2207 1010 2249; x_wconf 76' lang='lat' dir='ltr'>‚‚multitudine.“</span> <span class='ocrx_word' id='word_1_296' title='bbox 1046 2208 1085 2241; x_wconf 82' lang='lat' dir='ltr'>R.</span> <span class='ocrx_word' id='word_1_297' title='bbox 1122 2229 1160 2234; x_wconf 93' lang='lat'>--</span> <span class='ocrx_word' id='word_1_298' title='bbox 1195 2208 1281 2243; x_wconf 83' lang='lat' dir='ltr'>Edd.</span> <span class='ocrx_word' id='word_1_299' title='bbox 1311 2209 1359 2241; x_wconf 88' lang='grc' dir='ltr'>Μ.</span> 
     </span>
     <span class='ocr_line' id='line_1_36' title="bbox 253 2264 508 2311; baseline -0.004 -12"><span class='ocrx_word' id='word_1_300' title='bbox 253 2264 508 2311; x_wconf 81' lang='lat' dir='ltr'>„plenitudine.“</span> 
     </span>
    </p>
   </div>
  </div>
 </body>
</html>
