<?xml version="1.0" encoding="UTF-8"?>
<!DOCTYPE html PUBLIC "-//W3C//DTD XHTML 1.0 Transitional//EN"
    "http://www.w3.org/TR/xhtml1/DTD/xhtml1-transitional.dtd">
<html xmlns="http://www.w3.org/1999/xhtml" xml:lang="en" lang="en">
 <head>
  <title>
</title>
<meta http-equiv="Content-Type" content="text/html;charset=utf-8" />
  <meta name='ocr-system' content='tesseract 3.04.00' />
  <meta name='ocr-capabilities' content='ocr_page ocr_carea ocr_par ocr_line ocrx_word'/>
</head>
<body>
  <div class='ocr_page' id='page_1' title='image "./operaomniaquaegr21orig_0356.png"; bbox 0 0 1404 2463; ppageno 0'>
   <div class='ocr_carea' id='block_1_1' title="bbox 185 130 835 167">
    <p class='ocr_par' dir='ltr' id='par_1_1' title="bbox 185 130 835 167">
     <span class='ocr_line' id='line_1_1' title="bbox 185 130 835 167; baseline 0.005 -3"><span class='ocrx_word' id='word_1_1' title='bbox 185 130 250 165; x_wconf 76' lang='lat'>342</span> <span class='ocrx_word' id='word_1_2' title='bbox 658 134 835 167; x_wconf 70' lang='lat' dir='ltr'>Omenms</span> 
     </span>
    </p>
   </div>
   <div class='ocr_carea' id='block_1_2' title="bbox 186 220 1324 1812">
    <p class='ocr_par' dir='ltr' id='par_1_2' title="bbox 186 220 1324 1812">
     <span class='ocr_line' id='line_1_2' title="bbox 186 220 1320 269; baseline 0.004 -17"><span class='ocrx_word' id='word_1_3' title='bbox 186 220 323 253; x_wconf 76' lang='lat' dir='ltr'>abducit</span> <span class='ocrx_word' id='word_1_4' title='bbox 355 235 371 254; x_wconf 84' lang='lat' dir='ltr'>a</span> <span class='ocrx_word' id='word_1_5' title='bbox 397 223 516 255; x_wconf 85' lang='lat' dir='ltr'>divinis</span> <span class='ocrx_word' id='word_1_6' title='bbox 551 233 584 255; x_wconf 80' lang='lat' dir='ltr'>et</span> <span class='ocrx_word' id='word_1_7' title='bbox 614 224 840 269; x_wconf 78' lang='lat' dir='ltr'>spiritualibus</span> <span class='ocrx_word' id='word_1_8' title='bbox 867 224 976 255; x_wconf 78' lang='lat' dir='ltr'>rebus.</span> <span class='ocrx_word' id='word_1_9' title='bbox 1026 223 1091 255; x_wconf 85' lang='lat' dir='ltr'>Pro</span> <span class='ocrx_word' id='word_1_10' title='bbox 1125 225 1320 257; x_wconf 76' lang='lat' dir='ltr'><strong>necessitate</strong></span> 
     </span>
     <span class='ocr_line' id='line_1_3' title="bbox 189 282 1321 330; baseline 0.005 -17"><span class='ocrx_word' id='word_1_11' title='bbox 189 282 311 314; x_wconf 83' lang='lat' dir='ltr'>etenim</span> <span class='ocrx_word' id='word_1_12' title='bbox 337 285 489 328; x_wconf 86' lang='lat' dir='ltr'>corporis</span> <span class='ocrx_word' id='word_1_13' title='bbox 514 286 685 326; x_wconf 76' lang='lat' dir='ltr'>abstracti,</span> <span class='ocrx_word' id='word_1_14' title='bbox 711 285 832 319; x_wconf 89' lang='lat' dir='ltr'>divinis</span> <span class='ocrx_word' id='word_1_15' title='bbox 858 293 890 317; x_wconf 89' lang='lat' dir='ltr'>et</span> <span class='ocrx_word' id='word_1_16' title='bbox 911 285 945 317; x_wconf 90' lang='lat' dir='ltr'>in</span> <span class='ocrx_word' id='word_1_17' title='bbox 970 294 1141 317; x_wconf 79' lang='lat' dir='ltr'>aeternum</span> <span class='ocrx_word' id='word_1_18' title='bbox 1165 287 1321 330; x_wconf 80' lang='lat' dir='ltr'>profutu-</span> 
     </span>
     <span class='ocr_line' id='line_1_4' title="bbox 189 343 1321 391; baseline 0.004 -16"><span class='ocrx_word' id='word_1_19' title='bbox 189 343 232 376; x_wconf 83' lang='lat' dir='ltr'>ris</span> <span class='ocrx_word' id='word_1_20' title='bbox 271 346 370 377; x_wconf 86' lang='lat' dir='ltr'>rebus</span> <span class='ocrx_word' id='word_1_21' title='bbox 411 359 523 379; x_wconf 79' lang='lat' dir='ltr'>vacare</span> <span class='ocrx_word' id='word_1_22' title='bbox 559 361 627 380; x_wconf 88' lang='lat' dir='ltr'>non</span> <span class='ocrx_word' id='word_1_23' title='bbox 658 348 808 382; x_wconf 83' lang='lat' dir='ltr'>sinimur.</span> <span class='ocrx_word' id='word_1_24' title='bbox 857 347 913 380; x_wconf 90' lang='lat' dir='ltr'>Sic</span> <span class='ocrx_word' id='word_1_25' title='bbox 946 360 1057 379; x_wconf 87' lang='lat' dir='ltr'>rursus</span> <span class='ocrx_word' id='word_1_26' title='bbox 1089 346 1257 391; x_wconf 81' lang='lat' dir='ltr'>divinis¹)</span> <span class='ocrx_word' id='word_1_27' title='bbox 1289 357 1321 380; x_wconf 89' lang='lat' dir='ltr'>et</span> 
     </span>
     <span class='ocr_line' id='line_1_5' title="bbox 187 405 1322 454; baseline 0.003 -17"><span class='ocrx_word' id='word_1_28' title='bbox 187 405 416 450; x_wconf 77' lang='lat' dir='ltr'>spiritualibus</span> <span class='ocrx_word' id='word_1_29' title='bbox 446 408 554 441; x_wconf 83' lang='lat' dir='ltr'>anima</span> <span class='ocrx_word' id='word_1_30' title='bbox 584 409 682 454; x_wconf 76' lang='grc'>(148)</span> <span class='ocrx_word' id='word_1_31' title='bbox 716 422 850 450; x_wconf 78' lang='lat' dir='ltr'>vacans,</span> <span class='ocrx_word' id='word_1_32' title='bbox 893 418 927 442; x_wconf 88' lang='lat' dir='ltr'>et</span> <span class='ocrx_word' id='word_1_33' title='bbox 963 407 1096 453; x_wconf 87' lang='lat' dir='ltr'>spiritui</span> <span class='ocrx_word' id='word_1_34' title='bbox 1134 407 1322 453; x_wconf 67' lang='lat' dir='ltr'>conjuncta,</span> 
     </span>
     <span class='ocr_line' id='line_1_6' title="bbox 191 467 1322 512; baseline 0.002 -12"><span class='ocrx_word' id='word_1_35' title='bbox 191 467 386 512; x_wconf 84' lang='lat' dir='ltr'>impugnare</span> <span class='ocrx_word' id='word_1_36' title='bbox 419 469 542 502; x_wconf 84' lang='lat' dir='ltr'>dicitur</span> <span class='ocrx_word' id='word_1_37' title='bbox 566 483 716 511; x_wconf 86' lang='lat' dir='ltr'>carnem,</span> <span class='ocrx_word' id='word_1_38' title='bbox 748 473 828 504; x_wconf 88' lang='lat' dir='ltr'>dum</span> <span class='ocrx_word' id='word_1_39' title='bbox 853 470 975 503; x_wconf 85' lang='lat' dir='ltr'>resolvi</span> <span class='ocrx_word' id='word_1_40' title='bbox 1002 484 1074 502; x_wconf 80' lang='lat' dir='ltr'>eam</span> <span class='ocrx_word' id='word_1_41' title='bbox 1100 469 1229 502; x_wconf 85' lang='lat' dir='ltr'>deliciis</span> <span class='ocrx_word' id='word_1_42' title='bbox 1253 483 1322 502; x_wconf 86' lang='lat' dir='ltr'>uon</span> 
     </span>
     <span class='ocr_line' id='line_1_7' title="bbox 189 529 1323 577; baseline 0.003 -16"><span class='ocrx_word' id='word_1_43' title='bbox 189 529 281 570; x_wconf 81' lang='lat' dir='ltr'>sinit,</span> <span class='ocrx_word' id='word_1_44' title='bbox 314 540 347 563; x_wconf 83' lang='lat' dir='ltr'>et</span> <span class='ocrx_word' id='word_1_45' title='bbox 371 531 600 576; x_wconf 83' lang='lat' dir='ltr'>voluptatibus</span> <span class='ocrx_word' id='word_1_46' title='bbox 624 533 774 573; x_wconf 83' lang='lat' dir='ltr'>fluitare,</span> <span class='ocrx_word' id='word_1_47' title='bbox 807 533 929 577; x_wconf 89' lang='lat' dir='ltr'>quibus</span> <span class='ocrx_word' id='word_1_48' title='bbox 958 531 1156 565; x_wconf 74' lang='lat' dir='ltr'>naturaliter</span> <span class='ocrx_word' id='word_1_49' title='bbox 1179 532 1323 564; x_wconf 78' lang='lat' dir='ltr'>delecta-</span> 
     </span>
     <span class='ocr_line' id='line_1_8' title="bbox 189 593 1322 639; baseline 0.002 -15"><span class='ocrx_word' id='word_1_50' title='bbox 189 601 254 626; x_wconf 83' lang='lat' dir='ltr'>tur.</span> <span class='ocrx_word' id='word_1_51' title='bbox 302 594 378 625; x_wconf 92' lang='lat' dir='ltr'>Hoc</span> <span class='ocrx_word' id='word_1_52' title='bbox 411 595 516 626; x_wconf 87' lang='lat' dir='ltr'>modo</span> <span class='ocrx_word' id='word_1_53' title='bbox 543 594 642 627; x_wconf 85' lang='lat' dir='ltr'>etiam</span> <span class='ocrx_word' id='word_1_54' title='bbox 667 595 754 627; x_wconf 89' lang='lat' dir='ltr'>illud</span> <span class='ocrx_word' id='word_1_55' title='bbox 780 605 950 634; x_wconf 82' lang='lat' dir='ltr'>asserunt,</span> <span class='ocrx_word' id='word_1_56' title='bbox 987 594 1080 639; x_wconf 84' lang='lat' dir='ltr'>quod</span> <span class='ocrx_word' id='word_1_57' title='bbox 1105 593 1231 626; x_wconf 80' lang='lat' dir='ltr'>dictum</span> <span class='ocrx_word' id='word_1_58' title='bbox 1257 602 1322 626; x_wconf 85' lang='lat' dir='ltr'>est:</span> 
     </span>
     <span class='ocr_line' id='line_1_9' title="bbox 191 653 1322 700; baseline 0.001 -14"><span class='ocrx_word' id='word_1_59' title='bbox 191 653 431 698; x_wconf 79' lang='lat' dir='ltr'>„Sapientia²)</span> <span class='ocrx_word' id='word_1_60' title='bbox 464 655 568 687; x_wconf 82' lang='lat' dir='ltr'>carnis</span> <span class='ocrx_word' id='word_1_61' title='bbox 601 655 737 689; x_wconf 88' lang='lat' dir='ltr'>inimica</span> <span class='ocrx_word' id='word_1_62' title='bbox 770 667 819 689; x_wconf 85' lang='lat' dir='ltr'>est</span> <span class='ocrx_word' id='word_1_63' title='bbox 849 658 972 689; x_wconf 76' lang='lat' dir='ltr'>Deo:“</span> <span class='ocrx_word' id='word_1_64' title='bbox 1016 668 1086 688; x_wconf 87' lang='lat' dir='ltr'>non</span> <span class='ocrx_word' id='word_1_65' title='bbox 1121 656 1213 700; x_wconf 86' lang='lat' dir='ltr'>quod</span> <span class='ocrx_word' id='word_1_66' title='bbox 1245 668 1322 687; x_wconf 80' lang='lat' dir='ltr'>vere</span> 
     </span>
     <span class='ocr_line' id='line_1_10' title="bbox 191 715 1323 763; baseline 0.002 -16"><span class='ocrx_word' id='word_1_67' title='bbox 191 715 334 748; x_wconf 82' lang='lat' dir='ltr'>animam</span> <span class='ocrx_word' id='word_1_68' title='bbox 359 717 479 750; x_wconf 79' lang='lat' dir='ltr'>habeat</span> <span class='ocrx_word' id='word_1_69' title='bbox 504 730 598 756; x_wconf 85' lang='lat' dir='ltr'>caro,</span> <span class='ocrx_word' id='word_1_70' title='bbox 632 719 683 750; x_wconf 81' lang='lat' dir='ltr'>vel</span> <span class='ocrx_word' id='word_1_71' title='bbox 708 718 904 763; x_wconf 79' lang='lat' dir='ltr'>sapientiam</span> <span class='ocrx_word' id='word_1_72' title='bbox 929 717 1122 762; x_wconf 84' lang='lat' dir='ltr'>propriam;</span> <span class='ocrx_word' id='word_1_73' title='bbox 1156 718 1216 749; x_wconf 87' lang='lat' dir='ltr'>sed</span> <span class='ocrx_word' id='word_1_74' title='bbox 1237 717 1323 749; x_wconf 76' lang='lat' dir='ltr'>sicut</span> 
     </span>
     <span class='ocr_line' id='line_1_11' title="bbox 190 777 1323 820; baseline 0.003 -12"><span class='ocrx_word' id='word_1_75' title='bbox 190 777 326 809; x_wconf 76' lang='lat' dir='ltr'>abusive</span> <span class='ocrx_word' id='word_1_76' title='bbox 353 779 463 811; x_wconf 85' lang='lat' dir='ltr'>dicere</span> <span class='ocrx_word' id='word_1_77' title='bbox 487 779 646 820; x_wconf 82' lang='lat' dir='ltr'>solemus,</span> <span class='ocrx_word' id='word_1_78' title='bbox 672 790 704 812; x_wconf 87' lang='lat' dir='ltr'>et</span> <span class='ocrx_word' id='word_1_79' title='bbox 728 780 819 813; x_wconf 88' lang='lat' dir='ltr'>sitire</span> <span class='ocrx_word' id='word_1_80' title='bbox 844 789 978 820; x_wconf 87' lang='lat' dir='ltr'>terram,</span> <span class='ocrx_word' id='word_1_81' title='bbox 1004 789 1037 811; x_wconf 82' lang='lat' dir='ltr'>et</span> <span class='ocrx_word' id='word_1_82' title='bbox 1061 779 1149 812; x_wconf 82' lang='lat' dir='ltr'>velle</span> <span class='ocrx_word' id='word_1_83' title='bbox 1175 792 1248 811; x_wconf 81' lang='lat' dir='ltr'>eam</span> <span class='ocrx_word' id='word_1_84' title='bbox 1272 779 1323 811; x_wconf 88' lang='lat' dir='ltr'>bi—</span> 
     </span>
     <span class='ocr_line' id='line_1_12' title="bbox 190 839 1322 885; baseline 0.003 -15"><span class='ocrx_word' id='word_1_85' title='bbox 190 839 270 870; x_wconf 83' lang='lat' dir='ltr'>bere</span> <span class='ocrx_word' id='word_1_86' title='bbox 296 852 426 883; x_wconf 80' lang='lat' dir='ltr'>aquam,</span> <span class='ocrx_word' id='word_1_87' title='bbox 451 840 515 872; x_wconf 87' lang='lat' dir='ltr'>boc</span> <span class='ocrx_word' id='word_1_88' title='bbox 538 841 667 884; x_wconf 65' lang='lat' dir='ltr'>utique,</span> <span class='ocrx_word' id='word_1_89' title='bbox 693 842 785 885; x_wconf 87' lang='lat' dir='ltr'>quod</span> <span class='ocrx_word' id='word_1_90' title='bbox 811 841 969 873; x_wconf 86' lang='lat' dir='ltr'>dicimus:</span> <span class='ocrx_word' id='word_1_91' title='bbox 999 841 1132 873; x_wconf 83' lang='lat' dir='ltr'>velle:</span> <span class='ocrx_word' id='word_1_92' title='bbox 1156 854 1224 873; x_wconf 90' lang='lat' dir='ltr'>non</span> <span class='ocrx_word' id='word_1_93' title='bbox 1242 854 1322 885; x_wconf 88' lang='lat' dir='ltr'>pro—</span> 
     </span>
     <span class='ocr_line' id='line_1_13' title="bbox 190 901 1322 946; baseline 0.002 -14"><span class='ocrx_word' id='word_1_94' title='bbox 190 901 282 943; x_wconf 74' lang='lat' dir='ltr'>prie,</span> <span class='ocrx_word' id='word_1_95' title='bbox 312 902 370 933; x_wconf 83' lang='lat' dir='ltr'>sed</span> <span class='ocrx_word' id='word_1_96' title='bbox 402 902 535 934; x_wconf 81' lang='lat' dir='ltr'>abusive</span> <span class='ocrx_word' id='word_1_97' title='bbox 559 902 782 946; x_wconf 67' lang='lat' dir='ltr'>proferimus,</span> <span class='ocrx_word' id='word_1_98' title='bbox 819 902 908 934; x_wconf 83' lang='lat' dir='ltr'>velut</span> <span class='ocrx_word' id='word_1_99' title='bbox 931 903 959 935; x_wconf 84' lang='lat' dir='ltr'>si</span> <span class='ocrx_word' id='word_1_100' title='bbox 984 902 1133 935; x_wconf 83' lang='lat' dir='ltr'>dicamus</span> <span class='ocrx_word' id='word_1_101' title='bbox 1155 902 1277 934; x_wconf 86' lang='lat' dir='ltr'>iterum</span> <span class='ocrx_word' id='word_1_102' title='bbox 1288 903 1322 946; x_wconf 79' lang='lat'>³)</span> 
     </span>
     <span class='ocr_line' id='line_1_14' title="bbox 191 961 1323 1008; baseline 0.004 -16"><span class='ocrx_word' id='word_1_103' title='bbox 191 961 267 1005; x_wconf 85' lang='lat' dir='ltr'>quia</span> <span class='ocrx_word' id='word_1_104' title='bbox 292 963 413 995; x_wconf 82' lang='lat' dir='ltr'>domus</span> <span class='ocrx_word' id='word_1_105' title='bbox 436 965 636 1008; x_wconf 85' lang='lat' dir='ltr'>recomponi</span> <span class='ocrx_word' id='word_1_106' title='bbox 662 965 744 1006; x_wconf 89' lang='lat' dir='ltr'>vult,</span> <span class='ocrx_word' id='word_1_107' title='bbox 770 974 803 997; x_wconf 85' lang='lat' dir='ltr'>et</span> <span class='ocrx_word' id='word_1_108' title='bbox 828 965 891 998; x_wconf 81' lang='lat' dir='ltr'>alia</span> <span class='ocrx_word' id='word_1_109' title='bbox 915 964 1022 997; x_wconf 80' lang='lat' dir='ltr'>multa</span> <span class='ocrx_word' id='word_1_110' title='bbox 1046 964 1096 997; x_wconf 82' lang='lat' dir='ltr'>his</span> <span class='ocrx_word' id='word_1_111' title='bbox 1114 964 1253 997; x_wconf 81' lang='lat' dir='ltr'>similia:</span> <span class='ocrx_word' id='word_1_112' title='bbox 1279 965 1323 997; x_wconf 86' lang='lat' dir='ltr'>ita</span> 
     </span>
     <span class='ocr_line' id='line_1_15' title="bbox 193 1024 1323 1071; baseline 0.003 -16"><span class='ocrx_word' id='word_1_113' title='bbox 193 1034 225 1055; x_wconf 83' lang='lat' dir='ltr'>et</span> <span class='ocrx_word' id='word_1_114' title='bbox 255 1024 417 1068; x_wconf 79' lang='lat' dir='ltr'>sapientia</span> <span class='ocrx_word' id='word_1_115' title='bbox 451 1026 556 1058; x_wconf 84' lang='lat' dir='ltr'>carnis</span> <span class='ocrx_word' id='word_1_116' title='bbox 589 1026 786 1070; x_wconf 86' lang='lat' dir='ltr'>accipienda</span> <span class='ocrx_word' id='word_1_117' title='bbox 819 1037 885 1067; x_wconf 86' lang='lat' dir='ltr'>est,</span> <span class='ocrx_word' id='word_1_118' title='bbox 917 1029 967 1059; x_wconf 83' lang='lat' dir='ltr'>vel</span> <span class='ocrx_word' id='word_1_119' title='bbox 993 1027 1085 1071; x_wconf 86' lang='lat' dir='ltr'>quod</span> <span class='ocrx_word' id='word_1_120' title='bbox 1112 1026 1238 1058; x_wconf 73' lang='lat' dir='ltr'>dictum</span> <span class='ocrx_word' id='word_1_121' title='bbox 1264 1037 1323 1066; x_wconf 82' lang='lat' dir='ltr'>cst,</span> 
     </span>
     <span class='ocr_line' id='line_1_16' title="bbox 192 1084 1323 1133; baseline 0.004 -17"><span class='ocrx_word' id='word_1_122' title='bbox 192 1084 316 1129; x_wconf 76' lang='lat' dir='ltr'>quia⁴)</span> <span class='ocrx_word' id='word_1_123' title='bbox 356 1099 452 1118; x_wconf 76' lang='lat' dir='ltr'>»caro</span> <span class='ocrx_word' id='word_1_124' title='bbox 493 1088 702 1132; x_wconf 86' lang='lat' dir='ltr'>concupiscit</span> <span class='ocrx_word' id='word_1_125' title='bbox 733 1089 890 1121; x_wconf 83' lang='lat' dir='ltr'>adversus</span> <span class='ocrx_word' id='word_1_126' title='bbox 922 1088 1111 1133; x_wconf 72' lang='lat' dir='ltr'>spiritum.“</span> <span class='ocrx_word' id='word_1_127' title='bbox 1167 1088 1323 1133; x_wconf 83' lang='lat' dir='ltr'>Adjicere</span> 
     </span>
     <span class='ocr_line' id='line_1_17' title="bbox 191 1147 1324 1194; baseline 0.004 -16"><span class='ocrx_word' id='word_1_128' title='bbox 191 1147 302 1179; x_wconf 85' lang='lat' dir='ltr'>solent</span> <span class='ocrx_word' id='word_1_129' title='bbox 333 1148 433 1181; x_wconf 85' lang='lat' dir='ltr'>etiam</span> <span class='ocrx_word' id='word_1_130' title='bbox 463 1148 568 1190; x_wconf 88' lang='lat' dir='ltr'>illud,</span> <span class='ocrx_word' id='word_1_131' title='bbox 605 1151 697 1194; x_wconf 86' lang='lat' dir='ltr'>quod</span> <span class='ocrx_word' id='word_1_132' title='bbox 731 1150 858 1183; x_wconf 86' lang='lat' dir='ltr'>dictum</span> <span class='ocrx_word' id='word_1_133' title='bbox 891 1160 954 1183; x_wconf 87' lang='lat' dir='ltr'>est:</span> <span class='ocrx_word' id='word_1_134' title='bbox 995 1151 1088 1182; x_wconf 76' lang='lat' dir='ltr'>»Vox</span> <span class='ocrx_word' id='word_1_135' title='bbox 1102 1149 1135 1193; x_wconf 83' lang='lat'>⁵)</span> <span class='ocrx_word' id='word_1_136' title='bbox 1158 1149 1324 1191; x_wconf 75' lang='lat' dir='ltr'>sanguinis</span> 
     </span>
     <span class='ocr_line' id='line_1_18' title="bbox 192 1209 1324 1255; baseline 0.003 -14"><span class='ocrx_word' id='word_1_137' title='bbox 192 1209 302 1242; x_wconf 82' lang='lat' dir='ltr'>fratris</span> <span class='ocrx_word' id='word_1_138' title='bbox 335 1211 384 1242; x_wconf 89' lang='lat' dir='ltr'>tui</span> <span class='ocrx_word' id='word_1_139' title='bbox 417 1211 538 1243; x_wconf 85' lang='lat' dir='ltr'>clamat</span> <span class='ocrx_word' id='word_1_140' title='bbox 571 1212 611 1243; x_wconf 84' lang='lat' dir='ltr'>ad</span> <span class='ocrx_word' id='word_1_141' title='bbox 644 1225 698 1243; x_wconf 85' lang='lat' dir='ltr'>me</span> <span class='ocrx_word' id='word_1_142' title='bbox 724 1213 765 1244; x_wconf 92' lang='lat' dir='ltr'>de</span> <span class='ocrx_word' id='word_1_143' title='bbox 790 1216 909 1245; x_wconf 82' lang='lat' dir='ltr'>terra.“</span> <span class='ocrx_word' id='word_1_144' title='bbox 960 1211 1064 1255; x_wconf 80' lang='lat' dir='ltr'>Quod</span> <span class='ocrx_word' id='word_1_145' title='bbox 1090 1210 1179 1243; x_wconf 87' lang='lat' dir='ltr'>enim</span> <span class='ocrx_word' id='word_1_146' title='bbox 1205 1211 1324 1244; x_wconf 77' lang='lat' dir='ltr'>clamat</span> 
     </span>
     <span class='ocr_line' id='line_1_19' title="bbox 191 1272 1324 1318; baseline 0.003 -15"><span class='ocrx_word' id='word_1_147' title='bbox 191 1272 232 1303; x_wconf 81' lang='lat' dir='ltr'>ad</span> <span class='ocrx_word' id='word_1_148' title='bbox 258 1272 465 1312; x_wconf 87' lang='lat' dir='ltr'>Dominum,</span> <span class='ocrx_word' id='word_1_149' title='bbox 501 1286 569 1305; x_wconf 91' lang='lat' dir='ltr'>non</span> <span class='ocrx_word' id='word_1_150' title='bbox 605 1282 654 1305; x_wconf 87' lang='lat' dir='ltr'>est</span> <span class='ocrx_word' id='word_1_151' title='bbox 684 1273 823 1318; x_wconf 87' lang='lat' dir='ltr'>proprie</span> <span class='ocrx_word' id='word_1_152' title='bbox 848 1273 978 1315; x_wconf 80' lang='lat' dir='ltr'>sanguis</span> <span class='ocrx_word' id='word_1_153' title='bbox 1003 1272 1078 1315; x_wconf 79' lang='lat' dir='ltr'>ille,</span> <span class='ocrx_word' id='word_1_154' title='bbox 1115 1273 1173 1317; x_wconf 91' lang='lat' dir='ltr'>qui</span> <span class='ocrx_word' id='word_1_155' title='bbox 1198 1273 1324 1306; x_wconf 79' lang='lat' dir='ltr'>effusus</span> 
     </span>
     <span class='ocr_line' id='line_1_20' title="bbox 193 1334 1324 1380; baseline 0.002 -15"><span class='ocrx_word' id='word_1_156' title='bbox 193 1343 259 1375; x_wconf 73' lang='lat' dir='ltr'>cst,</span> <span class='ocrx_word' id='word_1_157' title='bbox 290 1335 350 1366; x_wconf 80' lang='lat' dir='ltr'>sed</span> <span class='ocrx_word' id='word_1_158' title='bbox 372 1334 507 1366; x_wconf 81' lang='lat' dir='ltr'>abusive</span> <span class='ocrx_word' id='word_1_159' title='bbox 531 1335 661 1376; x_wconf 86' lang='lat' dir='ltr'>sanguis</span> <span class='ocrx_word' id='word_1_160' title='bbox 687 1335 830 1367; x_wconf 77' lang='lat' dir='ltr'>clamare</span> <span class='ocrx_word' id='word_1_161' title='bbox 856 1335 996 1377; x_wconf 76' lang='lat' dir='ltr'>dicitur,</span> <span class='ocrx_word' id='word_1_162' title='bbox 1034 1335 1115 1367; x_wconf 88' lang='lat' dir='ltr'>dum</span> <span class='ocrx_word' id='word_1_163' title='bbox 1140 1334 1227 1380; x_wconf 80' lang='lat' dir='ltr'>ejus,</span> <span class='ocrx_word' id='word_1_164' title='bbox 1265 1335 1324 1380; x_wconf 89' lang='lat' dir='ltr'>qui</span> 
     </span>
     <span class='ocr_line' id='line_1_21' title="bbox 191 1395 1324 1441; baseline 0.002 -14"><span class='ocrx_word' id='word_1_165' title='bbox 191 1395 383 1437; x_wconf 80' lang='lat' dir='ltr'>sanguinem</span> <span class='ocrx_word' id='word_1_166' title='bbox 409 1396 543 1435; x_wconf 71' lang='lat' dir='ltr'>effudit,</span> <span class='ocrx_word' id='word_1_167' title='bbox 567 1396 712 1429; x_wconf 79' lang='lat' dir='ltr'>vindicta</span> <span class='ocrx_word' id='word_1_168' title='bbox 731 1397 934 1441; x_wconf 86' lang='lat' dir='ltr'>deposcitur.</span> <span class='ocrx_word' id='word_1_169' title='bbox 972 1397 1040 1429; x_wconf 88' lang='lat' dir='ltr'>Sed</span> <span class='ocrx_word' id='word_1_170' title='bbox 1059 1406 1092 1429; x_wconf 89' lang='lat' dir='ltr'>et</span> <span class='ocrx_word' id='word_1_171' title='bbox 1108 1396 1207 1439; x_wconf 80' lang='lat' dir='ltr'>illud,</span> <span class='ocrx_word' id='word_1_172' title='bbox 1231 1397 1324 1441; x_wconf 88' lang='lat' dir='ltr'>quod</span> 
     </span>
     <span class='ocr_line' id='line_1_22' title="bbox 192 1457 1323 1502; baseline 0.002 -13"><span class='ocrx_word' id='word_1_173' title='bbox 192 1458 367 1502; x_wconf 82' lang='lat' dir='ltr'>apostolus</span> <span class='ocrx_word' id='word_1_174' title='bbox 399 1458 461 1490; x_wconf 83' lang='lat' dir='ltr'>ait:</span> <span class='ocrx_word' id='word_1_175' title='bbox 495 1457 626 1498; x_wconf 80' lang='lat' dir='ltr'>„Video</span> <span class='ocrx_word' id='word_1_176' title='bbox 640 1459 672 1502; x_wconf 76' lang='lat'>⁶)</span> <span class='ocrx_word' id='word_1_177' title='bbox 704 1467 815 1490; x_wconf 82' lang='lat' dir='ltr'>autem</span> <span class='ocrx_word' id='word_1_178' title='bbox 847 1458 946 1490; x_wconf 81' lang='lat' dir='ltr'>aliam</span> <span class='ocrx_word' id='word_1_179' title='bbox 974 1458 1080 1499; x_wconf 85' lang='lat' dir='ltr'>legem</span> <span class='ocrx_word' id='word_1_180' title='bbox 1105 1457 1139 1490; x_wconf 90' lang='lat' dir='ltr'>in</span> <span class='ocrx_word' id='word_1_181' title='bbox 1165 1459 1323 1491; x_wconf 87' lang='lat' dir='ltr'>membris</span> 
     </span>
     <span class='ocr_line' id='line_1_23' title="bbox 191 1519 1324 1564; baseline 0.001 -13"><span class='ocrx_word' id='word_1_182' title='bbox 191 1519 292 1562; x_wconf 49' lang='lat' dir='ltr'>meis5</span> <span class='ocrx_word' id='word_1_183' title='bbox 329 1528 569 1564; x_wconf 83' lang='lat' dir='ltr'>repugnantem</span> <span class='ocrx_word' id='word_1_184' title='bbox 605 1519 669 1561; x_wconf 84' lang='lat' dir='ltr'>legi</span> <span class='ocrx_word' id='word_1_185' title='bbox 702 1519 822 1552; x_wconf 83' lang='lat' dir='ltr'>mentis</span> <span class='ocrx_word' id='word_1_186' title='bbox 855 1532 996 1552; x_wconf 77' lang='lat' dir='ltr'>meaez«</span> <span class='ocrx_word' id='word_1_187' title='bbox 1037 1519 1083 1552; x_wconf 85' lang='lat' dir='ltr'>ita</span> <span class='ocrx_word' id='word_1_188' title='bbox 1119 1520 1324 1562; x_wconf 84' lang='lat' dir='ltr'>intelligunt,</span> 
     </span>
     <span class='ocr_line' id='line_1_24' title="bbox 192 1581 1323 1626; baseline -0.001 -12"><span class='ocrx_word' id='word_1_189' title='bbox 192 1591 350 1626; x_wconf 81' lang='lat' dir='ltr'>tanquam</span> <span class='ocrx_word' id='word_1_190' title='bbox 379 1582 405 1613; x_wconf 90' lang='lat' dir='ltr'>si</span> <span class='ocrx_word' id='word_1_191' title='bbox 431 1581 582 1622; x_wconf 69' lang='lat' dir='ltr'>dixisset,</span> <span class='ocrx_word' id='word_1_192' title='bbox 615 1581 707 1626; x_wconf 86' lang='lat' dir='ltr'>quod</span> <span class='ocrx_word' id='word_1_193' title='bbox 732 1581 778 1623; x_wconf 77' lang='lat' dir='ltr'>is,</span> <span class='ocrx_word' id='word_1_194' title='bbox 811 1581 868 1626; x_wconf 86' lang='lat' dir='ltr'>qui</span> <span class='ocrx_word' id='word_1_195' title='bbox 892 1583 995 1613; x_wconf 85' lang='lat' dir='ltr'>verbo</span> <span class='ocrx_word' id='word_1_196' title='bbox 1021 1581 1088 1614; x_wconf 88' lang='lat' dir='ltr'>Dei</span> <span class='ocrx_word' id='word_1_197' title='bbox 1112 1594 1226 1614; x_wconf 80' lang='lat' dir='ltr'>vacare</span> <span class='ocrx_word' id='word_1_198' title='bbox 1253 1582 1323 1614; x_wconf 82' lang='lat' dir='ltr'>vult</span> 
     </span>
     <span class='ocr_line' id='line_1_25' title="bbox 191 1642 1324 1688; baseline 0 -12"><span class='ocrx_word' id='word_1_199' title='bbox 191 1657 253 1688; x_wconf 80' lang='lat' dir='ltr'>pro</span> <span class='ocrx_word' id='word_1_200' title='bbox 286 1643 539 1676; x_wconf 84' lang='lat' dir='ltr'>necessitatibus</span> <span class='ocrx_word' id='word_1_201' title='bbox 572 1653 605 1675; x_wconf 87' lang='lat' dir='ltr'>et</span> <span class='ocrx_word' id='word_1_202' title='bbox 635 1642 748 1675; x_wconf 87' lang='lat' dir='ltr'>usibus</span> <span class='ocrx_word' id='word_1_203' title='bbox 787 1643 1039 1687; x_wconf 73' lang='lat' dir='ltr'>corporalibus,</span> <span class='ocrx_word' id='word_1_204' title='bbox 1074 1645 1205 1688; x_wconf 83' lang='lat' dir='ltr'>quae7)</span> <span class='ocrx_word' id='word_1_205' title='bbox 1234 1644 1324 1676; x_wconf 82' lang='lat' dir='ltr'>velut</span> 
     </span>
     <span class='ocr_line' id='line_1_26' title="bbox 194 1703 1323 1751; baseline 0 -14"><span class='ocrx_word' id='word_1_206' title='bbox 194 1706 245 1738; x_wconf 80' lang='lat' dir='ltr'>lex</span> <span class='ocrx_word' id='word_1_207' title='bbox 270 1706 432 1751; x_wconf 81' lang='lat' dir='ltr'>quaedam</span> <span class='ocrx_word' id='word_1_208' title='bbox 459 1705 596 1749; x_wconf 89' lang='lat' dir='ltr'>corpori</span> <span class='ocrx_word' id='word_1_209' title='bbox 627 1704 731 1746; x_wconf 69' lang='lat' dir='ltr'>inest,</span> <span class='ocrx_word' id='word_1_210' title='bbox 763 1703 976 1744; x_wconf 80' lang='lat' dir='ltr'>distrahitur,</span> <span class='ocrx_word' id='word_1_211' title='bbox 1008 1713 1108 1749; x_wconf 89' lang='lat' dir='ltr'>atque</span> <span class='ocrx_word' id='word_1_212' title='bbox 1141 1704 1323 1746; x_wconf 85' lang='lat' dir='ltr'>divellitur,</span> 
     </span>
     <span class='ocr_line' id='line_1_27' title="bbox 193 1765 1322 1812; baseline -0.001 -13"><span class='ocrx_word' id='word_1_213' title='bbox 193 1777 294 1812; x_wconf 84' lang='lat' dir='ltr'>atque</span> <span class='ocrx_word' id='word_1_214' title='bbox 319 1767 521 1811; x_wconf 70' lang='lat' dir='ltr'>impeditur,</span> <span class='ocrx_word' id='word_1_215' title='bbox 559 1779 600 1799; x_wconf 89' lang='lat' dir='ltr'>ne</span> <span class='ocrx_word' id='word_1_216' title='bbox 625 1765 807 1810; x_wconf 71' lang='lat' dir='ltr'>sapit-ntiae</span> <span class='ocrx_word' id='word_1_217' title='bbox 840 1779 956 1798; x_wconf 82' lang='lat' dir='ltr'>vacans</span> <span class='ocrx_word' id='word_1_218' title='bbox 981 1765 1138 1799; x_wconf 80' lang='lat' dir='ltr'>intentius</span> <span class='ocrx_word' id='word_1_219' title='bbox 1153 1766 1185 1810; x_wconf 47' lang='grc' dir='ltr'>ἢ)</span> <span class='ocrx_word' id='word_1_220' title='bbox 1217 1767 1322 1810; x_wconf 81' lang='lat' dir='ltr'>possit</span> 
     </span>
    </p>
   </div>
   <div class='ocr_carea' id='block_1_3' title="bbox 193 1828 671 1874">
    <p class='ocr_par' dir='ltr' id='par_1_3' title="bbox 193 1828 671 1874">
     <span class='ocr_line' id='line_1_28' title="bbox 193 1828 671 1874; baseline -0.002 -14"><span class='ocrx_word' id='word_1_221' title='bbox 193 1829 303 1861; x_wconf 84' lang='lat' dir='ltr'>divina</span> <span class='ocrx_word' id='word_1_222' title='bbox 328 1828 482 1861; x_wconf 82' lang='lat' dir='ltr'>contueri</span> <span class='ocrx_word' id='word_1_223' title='bbox 506 1828 671 1874; x_wconf 76' lang='lat' dir='ltr'>mysteria.</span> 
     </span>
    </p>
   </div>
   <div class='ocr_carea' id='block_1_4' title="bbox 285 1950 1310 2051">
    <p class='ocr_par' dir='ltr' id='par_1_4' title="bbox 285 1950 1310 2051">
     <span class='ocr_line' id='line_1_29' title="bbox 291 1950 1310 1994; baseline -0.001 -11"><span class='ocrx_word' id='word_1_224' title='bbox 291 1952 318 1993; x_wconf 87' lang='lat'>¹)</span> <span class='ocrx_word' id='word_1_225' title='bbox 344 1951 407 1984; x_wconf 87' lang='lat' dir='ltr'>Ed.</span> <span class='ocrx_word' id='word_1_226' title='bbox 431 1951 481 1986; x_wconf 80' lang='lat' dir='ltr'>M,</span> <span class='ocrx_word' id='word_1_227' title='bbox 503 1951 528 1983; x_wconf 91' lang='lat' dir='ltr'>l.</span> <span class='ocrx_word' id='word_1_228' title='bbox 557 1951 610 1992; x_wconf 87' lang='lat' dir='ltr'>„iu</span> <span class='ocrx_word' id='word_1_229' title='bbox 637 1951 789 1983; x_wconf 55' lang='lat' dir='ltr'>divinis«</span> <span class='ocrx_word' id='word_1_230' title='bbox 887 1954 920 1994; x_wconf 75' lang='lat'>²)</span> <span class='ocrx_word' id='word_1_231' title='bbox 947 1951 1017 1984; x_wconf 86' lang='lat' dir='ltr'>Csr.</span> <span class='ocrx_word' id='word_1_232' title='bbox 1042 1952 1138 1983; x_wconf 81' lang='lat' dir='ltr'>Rom.</span> <span class='ocrx_word' id='word_1_233' title='bbox 1165 1950 1256 1989; x_wconf 87' lang='lat' dir='ltr'>Vlll,</span> <span class='ocrx_word' id='word_1_234' title='bbox 1282 1950 1310 1983; x_wconf 86' lang='grc'>7.</span> 
     </span>
     <span class='ocr_line' id='line_1_30' title="bbox 285 2006 811 2051; baseline 0.002 -12"><span class='ocrx_word' id='word_1_235' title='bbox 285 2009 318 2051; x_wconf 79' lang='lat'>³)</span> <span class='ocrx_word' id='word_1_236' title='bbox 342 2007 429 2039; x_wconf 86' lang='lat' dir='ltr'>Edd.</span> <span class='ocrx_word' id='word_1_237' title='bbox 456 2007 504 2039; x_wconf 88' lang='lat' dir='ltr'>M.</span> <span class='ocrx_word' id='word_1_238' title='bbox 533 2006 630 2051; x_wconf 80' lang='lat' dir='ltr'>»quia</span> <span class='ocrx_word' id='word_1_239' title='bbox 654 2006 811 2040; x_wconf 87' lang='lat' dir='ltr'>iterum.“</span> 
     </span>
    </p>
   </div>
   <div class='ocr_carea' id='block_1_5' title="bbox 192 2061 1321 2152">
    <p class='ocr_par' dir='ltr' id='par_1_5' title="bbox 192 2061 1321 2152">
     <span class='ocr_line' id='line_1_31' title="bbox 283 2061 1321 2106; baseline -0.001 -12"><span class='ocrx_word' id='word_1_240' title='bbox 283 2064 316 2106; x_wconf 76' lang='lat'>⁴)</span> <span class='ocrx_word' id='word_1_241' title='bbox 344 2063 472 2094; x_wconf 86' lang='lat' dir='ltr'>Desunt</span> <span class='ocrx_word' id='word_1_242' title='bbox 496 2062 530 2094; x_wconf 91' lang='lat' dir='ltr'>in</span> <span class='ocrx_word' id='word_1_243' title='bbox 555 2071 650 2094; x_wconf 87' lang='lat' dir='ltr'>antea</span> <span class='ocrx_word' id='word_1_244' title='bbox 674 2062 770 2095; x_wconf 78' lang='lat' dir='ltr'>editis</span> <span class='ocrx_word' id='word_1_245' title='bbox 795 2066 843 2105; x_wconf 83' lang='lat' dir='ltr'>(v.</span> <span class='ocrx_word' id='word_1_246' title='bbox 870 2078 897 2096; x_wconf 88' lang='lat' dir='ltr'>c.</span> <span class='ocrx_word' id='word_1_247' title='bbox 919 2063 994 2095; x_wconf 83' lang='lat' dir='ltr'>edd.</span> <span class='ocrx_word' id='word_1_248' title='bbox 1014 2062 1091 2106; x_wconf 81' lang='lat' dir='ltr'>M.)‚</span> <span class='ocrx_word' id='word_1_249' title='bbox 1114 2062 1172 2094; x_wconf 85' lang='lat' dir='ltr'>sed</span> <span class='ocrx_word' id='word_1_250' title='bbox 1198 2061 1321 2094; x_wconf 73' lang='lat' dir='ltr'>liaben-</span> 
     </span>
     <span class='ocr_line' id='line_1_32' title="bbox 192 2107 1192 2152; baseline 0.001 -13"><span class='ocrx_word' id='word_1_251' title='bbox 192 2118 245 2139; x_wconf 55' lang='grc' dir='ltr'>ιιυν</span> <span class='ocrx_word' id='word_1_252' title='bbox 270 2108 302 2139; x_wconf 87' lang='lat' dir='ltr'>in</span> <span class='ocrx_word' id='word_1_253' title='bbox 330 2108 409 2141; x_wconf 79' lang='lat' dir='ltr'>Mss.</span> <span class='ocrx_word' id='word_1_254' title='bbox 434 2108 546 2140; x_wconf 80' lang='lat' dir='ltr'>verba:</span> <span class='ocrx_word' id='word_1_255' title='bbox 577 2108 675 2152; x_wconf 84' lang='lat' dir='ltr'>„quia</span> <span class='ocrx_word' id='word_1_256' title='bbox 700 2112 812 2140; x_wconf 82' lang='lat' dir='ltr'>car0.“</span> <span class='ocrx_word' id='word_1_257' title='bbox 839 2108 877 2140; x_wconf 80' lang='lat' dir='ltr'>R.</span> <span class='ocrx_word' id='word_1_258' title='bbox 905 2127 946 2132; x_wconf 91' lang='lat'>—-</span> <span class='ocrx_word' id='word_1_259' title='bbox 973 2107 1048 2141; x_wconf 87' lang='lat' dir='ltr'>Gal.</span> <span class='ocrx_word' id='word_1_260' title='bbox 1074 2108 1114 2146; x_wconf 86' lang='lat' dir='ltr'>V,</span> <span class='ocrx_word' id='word_1_261' title='bbox 1140 2107 1192 2141; x_wconf 83' lang='grc'>17.</span> 
     </span>
    </p>
   </div>
   <div class='ocr_carea' id='block_1_6' title="bbox 283 2162 1317 2262">
    <p class='ocr_par' dir='ltr' id='par_1_6' title="bbox 283 2162 1317 2262">
     <span class='ocr_line' id='line_1_33' title="bbox 284 2162 1070 2208; baseline 0.003 -13"><span class='ocrx_word' id='word_1_262' title='bbox 284 2163 317 2206; x_wconf 82' lang='lat'>⁵)</span> <span class='ocrx_word' id='word_1_263' title='bbox 343 2162 427 2195; x_wconf 85' lang='lat' dir='ltr'>Gen.</span> <span class='ocrx_word' id='word_1_264' title='bbox 455 2164 512 2206; x_wconf 78' lang='lat' dir='ltr'>IV,</span> <span class='ocrx_word' id='word_1_265' title='bbox 538 2163 591 2197; x_wconf 86' lang='lat'>10.</span> <span class='ocrx_word' id='word_1_266' title='bbox 732 2164 766 2208; x_wconf 74' lang='lat'>⁶)</span> <span class='ocrx_word' id='word_1_267' title='bbox 792 2164 891 2196; x_wconf 81' lang='lat' dir='ltr'>Rom.</span> <span class='ocrx_word' id='word_1_268' title='bbox 916 2164 993 2205; x_wconf 67' lang='lat' dir='ltr'>Vll,</span> <span class='ocrx_word' id='word_1_269' title='bbox 1016 2162 1070 2197; x_wconf 80' lang='lat'>23.</span> 
     </span>
     <span class='ocr_line' id='line_1_34' title="bbox 283 2218 1317 2262; baseline 0 -11"><span class='ocrx_word' id='word_1_270' title='bbox 283 2220 315 2262; x_wconf 88' lang='lat'>⁷)</span> <span class='ocrx_word' id='word_1_271' title='bbox 341 2218 397 2251; x_wconf 88' lang='lat' dir='ltr'>Sic</span> <span class='ocrx_word' id='word_1_272' title='bbox 421 2218 501 2251; x_wconf 81' lang='lat' dir='ltr'>Mss.</span> <span class='ocrx_word' id='word_1_273' title='bbox 526 2219 618 2251; x_wconf 82' lang='lat' dir='ltr'>Libri</span> <span class='ocrx_word' id='word_1_274' title='bbox 644 2220 724 2251; x_wconf 81' lang='lat' dir='ltr'>editi</span> <span class='ocrx_word' id='word_1_275' title='bbox 757 2221 801 2262; x_wconf 90' lang='lat' dir='ltr'>(v.</span> <span class='ocrx_word' id='word_1_276' title='bbox 829 2234 854 2251; x_wconf 91' lang='lat' dir='ltr'>c.</span> <span class='ocrx_word' id='word_1_277' title='bbox 880 2220 956 2252; x_wconf 81' lang='lat' dir='ltr'>edd.</span> <span class='ocrx_word' id='word_1_278' title='bbox 983 2218 1050 2261; x_wconf 84' lang='lat' dir='ltr'>M.)</span> <span class='ocrx_word' id='word_1_279' title='bbox 1089 2231 1192 2262; x_wconf 77' lang='lat' dir='ltr'>„quae</span> <span class='ocrx_word' id='word_1_280' title='bbox 1227 2219 1317 2251; x_wconf 78' lang='lat' dir='ltr'>velut</span> 
     </span>
    </p>
   </div>
   <div class='ocr_carea' id='block_1_7' title="bbox 191 2264 927 2307">
    <p class='ocr_par' dir='ltr' id='par_1_7' title="bbox 191 2264 927 2307">
     <span class='ocr_line' id='line_1_35' title="bbox 191 2264 927 2307; baseline 0.001 -12"><span class='ocrx_word' id='word_1_281' title='bbox 191 2264 239 2295; x_wconf 83' lang='lat' dir='ltr'>lcx</span> <span class='ocrx_word' id='word_1_282' title='bbox 267 2276 448 2307; x_wconf 70' lang='lat' dir='ltr'>corporum</span> <span class='ocrx_word' id='word_1_283' title='bbox 474 2273 532 2303; x_wconf 79' lang='lat' dir='ltr'>est,</span> <span class='ocrx_word' id='word_1_284' title='bbox 558 2264 770 2296; x_wconf 81' lang='lat' dir='ltr'>dist1·nl1itur“</span> <span class='ocrx_word' id='word_1_285' title='bbox 798 2275 859 2298; x_wconf 87' lang='lat' dir='ltr'>etc.</span> <span class='ocrx_word' id='word_1_286' title='bbox 887 2265 927 2297; x_wconf 80' lang='lat' dir='ltr'>R.</span> 
     </span>
    </p>
   </div>
   <div class='ocr_carea' id='block_1_8' title="bbox 262 2319 1315 2363">
    <p class='ocr_par' dir='ltr' id='par_1_8' title="bbox 262 2319 1315 2363">
     <span class='ocr_line' id='line_1_36' title="bbox 262 2319 1315 2363; baseline -0.001 -10"><span class='ocrx_word' id='word_1_287' title='bbox 262 2320 316 2361; x_wconf 43' lang='lat' dir='ltr'>st)</span> <span class='ocrx_word' id='word_1_288' title='bbox 343 2319 397 2352; x_wconf 85' lang='lat' dir='ltr'>Sic</span> <span class='ocrx_word' id='word_1_289' title='bbox 424 2319 502 2351; x_wconf 83' lang='lat' dir='ltr'>Mss.</span> <span class='ocrx_word' id='word_1_290' title='bbox 530 2319 619 2351; x_wconf 77' lang='lat' dir='ltr'>Alias</span> <span class='ocrx_word' id='word_1_291' title='bbox 645 2321 692 2362; x_wconf 88' lang='lat' dir='ltr'>(v.</span> <span class='ocrx_word' id='word_1_292' title='bbox 720 2333 746 2351; x_wconf 86' lang='lat' dir='ltr'>c.</span> <span class='ocrx_word' id='word_1_293' title='bbox 771 2322 803 2351; x_wconf 87' lang='lat' dir='ltr'>in</span> <span class='ocrx_word' id='word_1_294' title='bbox 831 2320 904 2351; x_wconf 72' lang='lat' dir='ltr'>edd.</span> <span class='ocrx_word' id='word_1_295' title='bbox 931 2321 995 2363; x_wconf 82' lang='lat' dir='ltr'>M.)</span> <span class='ocrx_word' id='word_1_296' title='bbox 1021 2326 1248 2360; x_wconf 72' lang='lat' dir='ltr'>„contentus.‘·</span> <span class='ocrx_word' id='word_1_297' title='bbox 1278 2321 1315 2352; x_wconf 79' lang='lat' dir='ltr'>R.</span> 
     </span>
    </p>
   </div>
  </div>
 </body>
</html>
