1404 2463
445 524 878 563 ORIGENIS

236 620 538 667 HEPJ
622 621 958 661 ΑΡΧΩ
1018 625 1077 675 N,

600 721 713 754 ldest

422 815 499 852 DE
538 815 887 855 PRINCIPIIS

312 913 568 953 LIBER
617 914 997 956 TERTIUS.

427 1124 691 1158 PRAEFATIO
717 1125 885 1159 RUFINI.

98 1220 187 1292 Qui
218 1243 314 1285 legis,
350 1256 481 1275 memor
511 1251 581 1274 esto
612 1242 678 1274 mei
710 1242 741 1274 in
767 1246 830 1275 tuis
853 1244 971 1276 sanctis
996 1245 1216 1285 orationibus,

93 1315 131 1338 ut
168 1314 201 1338 et
229 1318 292 1338 nos
323 1305 412 1337 effici
441 1317 628 1336 mereamur
661 1305 883 1337 aemulatores
915 1305 1059 1349 spiritus.
1107 1307 1215 1351 Supe-

93 1368 199 1400 riores
232 1367 316 1400 duos
340 1369 422 1411 περὶ
447 1366 569 1411 ἀρχῶν
593 1365 726 1398 libellos
749 1376 782 1399 te
806 1380 874 1399 non
898 1368 1008 1399 solum
1032 1368 1214 1407 insistente,

93 1441 209 1461 verum
235 1429 333 1461 etiam
359 1437 514 1470 cogente,
539 1428 654 1460 diebus
680 1428 946 1472 quadragesimae
962 1429 992 1472 ¹)
1017 1429 1215 1474 interpreta-

92 1499 145 1523 tus
175 1504 259 1524 sum.
306 1491 374 1524 Sed
407 1489 564 1535 quoniam
595 1490 663 1521 illis
693 1489 811 1522 diebus
842 1491 940 1523 etiam
972 1500 1025 1532 tu,
1062 1492 1215 1533 religiose

93 1554 195 1585 frater
218 1552 363 1592 Maeui,
388 1561 420 1584 et
444 1552 617 1592 vicinus2)
641 1553 813 1591 manebas,
844 1561 876 1584 et
900 1552 1042 1597 amplius
1068 1555 1214 1593 vacabas,

95 1614 195 1647 etiam
226 1627 286 1656 ego
317 1614 459 1658 amplius
494 1616 672 1659 operabar:
704 1614 763 1645 hos
794 1627 873 1646 vero
903 1614 1106 1658 posteriores
1131 1616 1214 1649 duos

94 1675 220 1708 tardius
234 1674 478 1720 'explicuimus‚
510 1676 590 1708 dum
614 1676 695 1719 tu³)
720 1676 761 1708 ad
786 1688 846 1707 nos
871 1676 911 1708 ab
936 1685 1081 1709 extrema
1105 1686 1138 1709 et
1160 1678 1213 1710 ul-

94 1737 174 1767 tima
187 1735 220 1780 4)
243 1736 333 1769 urbis
357 1747 450 1780 parte
473 1737 582 1770 rarior
604 1747 738 1770 exactor
760 1736 898 1769 accedis.
947 1738 1071 1770 Verum
1096 1739 1122 1771 si
1146 1752 1216 1771 me-

95 1797 240 1837 ministi,
262 1799 354 1842 quod
378 1798 411 1830 in
435 1799 697 1843 praefatiuncula
722 1798 836 1843 priore
862 1800 1066 1842 commonui,
1091 1801 1166 1845 quia
1181 1803 1214 1846 ⁵)

96 1858 296 1900 indignaturi
327 1869 433 1892 essent
463 1861 615 1904 quidam²
653 1860 680 1892 si
712 1873 773 1893 nos
803 1859 970 1894 audissent
992 1873 1061 1893 non
1085 1861 1213 1907 aliquid

190 2010 220 2053 ¹)
248 2009 316 2046 Cfr.
343 2011 393 2043 ed.
418 2011 546 2056 Redep.
571 2024 643 2056 pag.
667 2010 742 2046 243.
767 2020 836 2043 not.
859 2011 891 2045 4.

189 2068 221 2110 )
248 2067 294 2098 lta
319 2067 398 2098 Mss.
422 2066 514 2099 Alias
537 2067 584 2110 (v.
611 2080 636 2099 c.
662 2067 694 2099 in
720 2068 795 2100 edd.
819 2068 884 2113 M)
911 2067 1072 2109 „vicinius
1096 2081 1211 2100 mone-

93 2111 185 2143 bas“
214 2113 250 2144 R.
274 2133 318 2140 -—
344 2112 413 2144 Csr.
439 2112 491 2144 ed
516 2112 645 2157 Redep.
670 2125 742 2157 pag.
767 2112 842 2147 243.
866 2122 935 2146 not.
961 2112 990 2147 6.

185 2168 219 2208 ³)
245 2166 349 2199 Deest
373 2171 451 2209 „tu“
478 2167 510 2199 in
535 2169 611 2201 edd.
636 2169 683 2201 Μ.

184 2222 218 2265 ⁴)
242 2222 300 2255 Sic
323 2224 451 2267 optime
475 2224 554 2256 Mss.
580 2224 671 2257 Alias
694 2225 742 2269 (v.
767 2238 793 2256 c.
820 2225 851 2257 iu
878 2226 951 2257 e.‹ld
979 2225 1086 2268 M.„)
1091 2224 1209 2256 ultima

94 2276 186 2310 parte
212 2268 302 2300 orbis
326 2269 453 2301 rarior·
480 2278 541 2302 (tc.
566 2270 606 2303 R.
707 2272 740 2313 ⁵)
765 2270 826 2305 Ed.
853 2270 900 2304 Μ.
928 2271 967 2304 ΙΙ.
995 2271 1140 2314 „qu‹›d.“
