1404 2463
171 114 239 150 438
659 116 838 150 Omessms

174 203 245 235 dies
271 202 399 248 prima,
433 212 466 237 et
497 205 662 245 secunda,
695 215 727 238 et
754 205 872 246 tertia,
907 205 942 238 in
968 205 1089 250 quibus
1121 215 1154 239 et
1178 219 1316 252 vespera

173 265 382 305 nominatur,
397 265 429 310 ¹)
456 275 489 298 et
513 279 629 309 mane,
653 267 780 300 suerint
804 267 875 299 sine
899 267 991 309 sole,
1017 276 1051 300 et
1074 268 1145 301 sine
1169 267 1259 312 luna,
1284 278 1317 302 et

176 326 248 358 sine
273 326 399 368 stellis3
431 327 540 371 prima
564 337 677 360 autem
702 329 773 361 dies
797 329 868 361 sine
895 328 1019 362 coelo?
1053 328 1140 372 Quis
1164 342 1246 362 vero
1272 329 1318 362 ita

177 386 302 420 idiotes
333 387 580 432 invenietur‚²)
611 398 649 421 ut
680 399 778 434 putet
816 390 909 422 velut
941 389 1117 422 hominem
1149 391 1318 434 quendam

178 450 359 491 agricolam
385 450 498 482 Deum
523 451 691 494 plantasse
713 452 851 484 arbores
872 451 905 483 in
931 450 1099 495 paradiso,
1123 451 1157 483 in
1172 451 1318 497 Eden³)

181 521 299 544 contra
324 511 501 552 orientem,
526 521 559 545 et
583 513 740 545 arborem
765 512 852 545 vitae
876 513 1045 556 plantasse
1068 511 1102 545 in
1128 525 1181 555 eo,
1206 513 1241 545 id
1259 500 1321 555 est,

181 572 310 614 lignum
335 573 468 606 visibile
494 583 528 606 et
550 574 742 618 palpabile,
768 573 813 606 ita
838 582 876 606 ut
901 573 1137 618 corporalibus
1162 574 1319 607 dentibus

179 635 386 668 manducans
411 635 485 680 quis
509 648 548 667 ex
574 647 611 667 ea
635 636 775 675 arbore,
808 634 911 668 vitam
936 635 1122 680 percipiat,
1148 643 1183 667 et
1204 648 1319 668 rursus

182 708 222 728 ex
245 696 310 729 alia
334 698 538 730 manducans
563 698 694 737 arbore,
717 697 801 729 boni
826 706 859 729 et
883 697 964 729 mali
986 696 1162 729 scientiam
1188 696 1321 741 capiat?

182 757 251 790 Sed
277 767 311 791 et
337 758 444 799 illud,
483 760 576 803 quod
599 759 694 791 Deus
718 767 799 803 post
821 757 1000 791 meridiem
1027 758 1246 791 deambulare
1270 757 1322 790 di—

184 818 272 851 citur
301 819 335 851 in
365 819 542 864 paradiso,
576 828 610 852 et
643 820 750 852 Adam
776 820 881 852 latere
903 820 966 851 sub
989 820 1130 861 arbore,
1162 819 1321 864 equidem

183 881 319 912 nullum
355 880 502 913 arbitror
534 880 707 922 dubitare,
741 881 836 925 quod
849 880 880 923 4)
913 879 1047 922 figurali
1069 889 1173 925 tropo
1198 882 1280 914 haec
1303 894 1322 913 a

183 941 361 986 Scriptura
392 942 628 986 proferantur,
670 954 739 986 quo
778 954 842 986 per
872 941 956 974 haec
988 942 1152 986 quaedam
1183 942 1323 988 mystica

182 1002 387 1036 indicentur.
437 1002 521 1036 Cain
557 1015 638 1035 vero
677 1003 788 1035 exiens
824 1016 842 1035 a
877 1002 964 1035 facie
994 1002 1062 1035 Dei
1099 1003 1276 1036 manifeste
1289 1005 1322 1048 ⁵)

181 1066 386 1110 prudentem
411 1065 578 1097 lectorem
602 1073 737 1104 movet,
774 1073 812 1097 ut
835 1064 985 1109 requirat
1018 1077 1104 1108 quae
1130 1065 1234 1098 facies
1257 1065 1325 1098 Dei

182 1125 243 1166 sit,
274 1135 308 1159 et
331 1127 510 1171 quomodo
536 1126 610 1170 quis
635 1125 725 1159 exire
750 1125 858 1170 possit
881 1127 922 1158 ab
947 1138 995 1158 ea.
1044 1125 1170 1158 Verum
1194 1139 1325 1160 nenos

185 1200 283 1232 opus,
307 1188 402 1232 quod
425 1189 587 1221 habemus
610 1188 645 1220 in
669 1188 834 1230 manibus,
857 1187 946 1232 justo
972 1187 1117 1231 amplius
1135 1188 1326 1229 dilatemus,

182 1249 346 1293 perfacile
386 1251 481 1293 estss)
523 1249 617 1282 omni
657 1249 787 1282 volenti
827 1262 1029 1291 congregare
1064 1250 1106 1282 de
1141 1250 1326 1295 Scripturis

184 1310 325 1350 sanctis,
350 1324 436 1355 quae
459 1311 585 1356 scripta
609 1321 685 1344 sunt
710 1311 848 1356 quidem
872 1320 1032 1356 tanquam
1054 1312 1160 1351 facta,
1182 1325 1253 1344 non
1278 1321 1327 1345 ta-

184 1384 263 1404 men
300 1373 487 1405 secundum
524 1372 698 1404 historiam
736 1382 973 1417 competenter
1010 1382 1044 1405 et
1078 1372 1326 1407 rationabiliter

184 1433 258 1466 fieri
293 1433 446 1477 potuisse
479 1434 646 1465 credenda
671 1443 757 1467 sunt.
806 1435 899 1466 Haec
924 1447 1004 1466 vero
1030 1433 1226 1478 Scripturae
1250 1447 1325 1478 spe-

186 1493 254 1527 cies
289 1494 389 1527 etiarn
420 1495 454 1527 in
489 1494 691 1536 evangelicis
716 1494 810 1527 libris
834 1494 964 1527 affatim
989 1495 1192 1540 abundeque
1216 1495 1324 1538 signa—

184 1565 251 1596 tur,
283 1569 359 1588 cum
373 1557 406 1600 ⁷)
431 1557 466 1589 in
499 1556 668 1589 excelsum
700 1566 854 1589 montem
877 1556 993 1588 Jesum
1026 1556 1227 1601 imposuisse
1252 1558 1323 1591 dia-

183 1616 286 1650 bolus
311 1617 455 1659 dicitur,
490 1627 528 1650 ut
554 1617 633 1650 inde
659 1617 690 1649 ei
714 1617 869 1649 universa
893 1617 1011 1650 mundi
1034 1631 1135 1660 regna
1159 1629 1326 1653 monstra-

184 1686 258 1718 ret,
299 1687 333 1710 et
363 1677 507 1719 gloriam
540 1692 669 1711 eorum.
718 1678 824 1721 Quod
859 1679 1045 1712 secundum
1075 1680 1208 1714 literam
1241 1694 1326 1726 quo-

185 1741 290 1772 modo
323 1739 397 1772 fieri
423 1739 575 1784 potuisse
606 1740 796 1781 videbitur,
832 1750 870 1773 ut
896 1741 950 1773 vel
973 1741 1008 1774 in
1033 1742 1203 1776 excelsum
1226 1756 1325 1776 mon-

281 1862 312 1905 ¹)
339 1863 403 1895 Ed.
430 1863 560 1906 Redep.
586 1864 676 1895 sola:
705 1863 976 1904 „nominantur.“

277 1919 311 1963 ²)
341 1918 399 1952 Sic
423 1918 506 1951 les.
533 1917 626 1950 Editi
653 1919 699 1962 (V.
725 1932 752 1952 e.
779 1920 855 1952 edd.
882 1920 947 1963 M.)
975 1918 1196 1962 „invenitur.“
1223 1920 1264 1953 R.

276 1976 312 2018 ³)
336 1975 400 2007 Ed.
426 1974 472 2007 M.
499 1975 524 2006 I.
553 1973 708 2015 „Ed0n.“
736 1995 777 2000 —
812 1975 882 2009 Csr.
908 1975 995 2010 Gen.
1021 1975 1063 2015 ll,
1085 1975 1117 2009 8.
1141 1989 1234 2021 seqq.

279 2029 312 2073 ⁴)
337 2031 404 2064 Ed.
428 2031 477 2063 M.
504 2030 546 2061 Π.
573 2029 710 2074 „quin.“

280 2085 313 2128 ⁵)
339 2086 396 2118 Sic
421 2087 502 2119 Mss.
526 2085 620 2118 Editi
646 2087 693 2128 (v.
723 2100 751 2118 c.
778 2087 829 2120 ed.
855 2087 904 2119 M.
932 2086 989 2131 H.)
1023 2086 1222 2127 „manifeste
1247 2100 1324 2119 mo-

185 2138 243 2161 net
266 2130 441 2171 lectorem,
465 2134 523 2163 ut“
552 2139 612 2163 etc.
640 2131 680 2163 R.
705 2152 748 2158 ——
772 2132 836 2164 Ed.
863 2132 912 2166 M.
938 2133 961 2164 l.
988 2131 1186 2172 „manifeste
1209 2141 1325 2164 movet

186 2175 363 2214 lectorem,
388 2180 446 2207 ut“
475 2185 536 2208 etc.
587 2175 658 2208 Csr.
686 2176 772 2212 Gen.
797 2178 858 2210 IV.

280 2229 314 2273 6)
340 2230 427 2263 Edd.
454 2231 503 2264 M.
530 2231 645 2272 „omni
672 2235 753 2265 est.“

278 2285 311 2328 ἲ)
336 2285 422 2319 Edd.
448 2286 499 2319 M.
526 2289 624 2327 „cu‘m
651 2287 705 2319 vel
729 2287 784 2320 ἰι]ιε
812 2296 873 2319 etc.
901 2306 942 2312 —
971 2287 1039 2320 Cfr.
1065 2287 1183 2320 Matth.
1211 2287 1270 2322 lV.
