1404 2463
201 95 267 130 274
676 96 850 129 Onmssms

208 199 268 228 ego
301 195 332 218 te
356 185 507 230 perdidi,
542 186 662 229 mca¹)
687 195 719 218 te
749 185 908 231 patientia
939 184 1120 230 pessimum
1145 185 1226 225 feci,
1262 197 1322 227 ego

204 247 266 280 tibi
296 260 392 280 causa
424 247 520 292 hujus
551 257 617 279 tam
650 248 751 280 durae
787 257 819 280 et
842 247 1004 292 pessimae
1030 247 1325 290 consuetudinis²)

206 309 346 349 exsisto,
379 309 435 353 qui
460 318 492 341 ie
516 322 582 341 non
608 310 717 342 statim
741 322 803 354 per
827 309 971 350 singulas
995 309 1108 353 cuipas
1131 309 1236 353 punio
1260 319 1323 353 pro

204 371 326 403 merito
359 371 570 404 delictorum.
617 371 804 415 Necesse3)
836 381 883 403 est
914 371 1012 414 (119)
1046 371 1133 403 enim
1164 383 1226 403 nos
1256 379 1326 402 tro-

205 447 286 478 pum
311 433 479 477 primo,⁴)
503 434 555 465 vel
583 434 718 475 figuram
744 434 905 466 sermonis
929 434 1112 472 advertere,
1144 443 1177 465 et
1198 432 1243 464 ita
1269 433 1326 464 de-

205 509 297 528 mum
323 495 478 527 virtutem
510 495 634 537 dicti5)
660 495 863 537 intelligere,
897 508 958 527 nec
988 495 1111 527 inferre
1146 494 1326 527 calumnias

207 558 329 597 verbo,
361 556 452 602 cujus
476 556 670 589 interiorem
701 570 834 589 sensum
857 571 926 589 non
938 558 970 601 6)
997 556 1186 599 diligentius
1211 555 1327 599 explo-

206 633 326 653 remus.
373 618 529 663 Denique
567 619 739 663 apostolus
770 619 893 651 Paulus
933 619 1105 651 evidenter
1135 619 1177 651 de
1205 617 1327 650 talibus

207 691 359 721 tractans,
373 682 404 725 7)
423 680 468 713 ait
492 681 533 712 ad
553 693 639 720 eum,
664 680 718 724 qui
736 682 953 725 permanebat
968 681 1000 713 in
1019 680 1180 725 peccatis:
1207 681 1280 720 „Au
1293 678 1326 722 ⁸)

207 743 339 776 divitias
361 741 521 775 bonitatis
546 741 626 786 eim,
650 755 687 774 ac
710 742 900 786 patientiae,
925 752 957 775 et
975 742 1233 784 longanimitatis
1250 753 1329 774 con-

207 805 344 844 temnis,
385 805 538 846 ignorans
569 803 643 846 quia
657 804 690 847 ⁹)
723 804 905 846 benignitas
928 805 994 837 Dei
1018 806 1059 837 ad
1074 806 1127 849 ¹⁰)
1152 804 1329 849 poeniten-

206 867 288 900 tiam
308 876 340 898 te
365 865 522 898 adducit?
550 866 742 898 Secundum
769 866 924 898 duritiam
949 876 1059 898 autem
1082 876 1184 906 tuam,
1210 875 1243 898 et
1267 866 1329 898 im-

207 928 385 972 poenitens
409 941 478 966 cor,
501 924 701 959 thesaurizas
725 928 787 960 tibi
811 927 873 972 ipsi
894 928 977 960 iram
1002 928 1035 960 in
1052 930 1056 946 ¹
1074 929 1103 972 ¹)
1129 928 1181 960 die
1204 928 1272 960 irae
1298 936 1330 959 et

207 989 419 1022 revelationis
454 989 530 1033 justi
560 988 674 1033 judicii
705 989 804 1022 Dei.“
850 989 942 1021 Haec
974 989 1054 1022 dicit
1084 989 1256 1035 apostolus
1288 990 1329 1022 ad

210 1065 297 1091 eum,
323 1051 379 1096 qui
403 1051 435 1082 in
460 1050 605 1095 peccatis
631 1060 689 1083 est.
738 1051 979 1084 convertamus
1002 1052 1083 1083 haec
1106 1051 1179 1096 ipsa
1201 1064 1263 1083 nos
1287 1051 1328 1082 ad

209 1114 415 1146 Pharaonem
442 1113 520 1153 diti,
545 1122 577 1144 ct
601 1112 676 1144 vide
700 1112 725 1144 si
751 1126 818 1145 non
845 1126 882 1145 ea
906 1113 1004 1146 etiam
1029 1115 1069 1146 de
1094 1114 1168 1158 ipso
1194 1113 1260 1157 dici
1276 1111 1329 1160 ¹²)

209 1185 430 1207 consonanter
451 1173 610 1213 invenies,
635 1173 689 1218 qui
704 1174 758 1219 ¹³)
782 1176 964 1208 secundum
982 1175 1138 1208 duritiam
1157 1188 1260 1213 suam,
1275 1174 1328 1218 Ν)

209 1246 241 1268 et
272 1250 330 1268 cor
359 1235 603 1280 impoenitens»,
643 1236 875 1270 thesaurizavit
907 1247 939 1269 et
967 1238 1158 1270 recondidit
1180 1236 1330 1280 sibiipsi

208 1297 290 1330 iram
314 1298 348 1330 in
375 1298 426 1330 die
452 1298 537 1337 irae,
569 1311 631 1342 pro
658 1311 710 1337 eo,
735 1300 825 1343 quod
850 1313 1018 1344 nunquam
1044 1299 1166 1332 duritia
1191 1298 1260 1344 ejus
1284 1298 1330 1331 ita

305 1460 335 1503 ¹)
361 1460 446 1492 Edd.
473 1460 522 1493 Μ.
549 1473 643 1501 „mea
667 1461 825 1505 patientia
850 1471 883 1493 te
907 1462 1088 1506 pessimum
1112 1461 1224 1494 fecit.“

302 1517 337 1559 ²)
362 1515 417 1549 Sic
436 1515 516 1549 Mss.
532 1516 622 1548 Libri
641 1517 721 1549 editi
739 1519 785 1560 (v.
805 1531 830 1549 o.
849 1518 924 1550 edd.
938 1519 1002 1563 M.)
1021 1518 1272 1560 ‚,inso]entiae.“
1289 1518 1329 1551 R.

303 1572 337 1615 ³)
361 1571 448 1604 Edd.
472 1572 520 1604 M.
547 1573 709 1612 „Necesse
735 1573 821 1605 enim
846 1587 906 1606 nos
932 1583 979 1606 est
1001 1579 1160 1619 ῐιῸΡυηιιι
1186 1583 1248 1608 etc.

303 1629 336 1671 ⁴)
361 1627 417 1660 Sic
440 1627 520 1660 Mss.
541 1629 576 1659 ln
596 1628 692 1660 editis
712 1632 758 1672 (v.
778 1643 803 1661 c.
823 1630 897 1662 edd.
915 1630 979 1673 Μ.)
996 1631 1088 1663 deest
1107 1630 1271 1676 „primo.“
1287 1631 1328 1663 R.

305 1684 336 1726 5)
363 1683 419 1716 Sic
445 1682 525 1717 Mss.
553 1685 586 1715 ln
605 1684 701 1716 editis
719 1685 765 1727 (v.
784 1698 810 1718 c.
829 1686 904 1719 edd.
919 1686 982 1730 M.)
1001 1686 1137 1729 legitur:
1163 1687 1270 1729 „dei.«
1287 1687 1328 1720 R.

302 1740 334 1783 6)
361 1739 417 1772 Sic
443 1739 522 1772 Mss.
549 1740 584 1772 111
611 1740 705 1772 editis
731 1742 778 1785 (V.
804 1755 830 1774 c.
856 1743 931 1775 edd.
948 1743 1014 1786 M.)
1040 1744 1132 1776 deest
1154 1746 1273 1776 »non.“
1286 1743 1327 1778 R.

302 1795 334 1838 ⁷)
361 1795 417 1828 Sic
441 1796 520 1828 Mss.
546 1796 637 1828 Libri
662 1797 743 1829 editi
770 1799 814 1843 (v.
841 1812 866 1831 c.
895 1800 969 1832 edd.
995 1800 1060 1844 Μ.)
1085 1800 1270 1841 „tradens.“
1288 1800 1329 1834 R.

301 1851 334 1895 Θ)
359 1852 459 1883 Rom.
484 1853 526 1893 11,
551 1853 580 1886 4.
606 1854 637 1887 5.

306 1910 340 1951 9)
364 1908 426 1941 Ed.
453 1909 501 1942 M.
529 1910 570 1942 ll.
598 1910 740 1953 „quoda

283 1965 335 2006 ¹⁰)
363 1964 411 1996 Ita
436 1964 514 1998 Mss.
539 1964 667 2010 (itemq.
693 1966 768 2000 edd.
787 1965 851 2010 M.)
876 1967 967 1999 Libri
993 1967 1092 2000 editi:
1119 1969 1181 2010 „ad
1197 1968 1327 2013 patien-

208 2010 319 2043 tiam«
345 2010 386 2042 R.

282 2065 334 2107 ¹¹)
358 2064 449 2097 Libri
486 2065 564 2097 editi
599 2066 644 2109 (v.
672 2080 697 2098 c.
725 2067 800 2103 edd,
825 2067 889 2111 M.)
916 2067 969 2100 »in
1002 2068 1055 2101 die
1085 2068 1201 2115 judieii
1226 2070 1324 2103 Dei.“

209 2111 276 2144 Sed
300 2110 378 2142 Mss.
403 2119 439 2142 ut
464 2110 497 2142 in
522 2121 637 2143 nostro
662 2121 762 2144 texm.
788 2113 827 2145 R.
1325 2137 1332 2142 .

281 2165 332 2209 ¹²)
357 2165 413 2198 Sic
437 2166 517 2201 Mss.
544 2168 676 2211 (itemq.
696 2168 770 2201 edd.
789 2168 853 2212 M.)
871 2169 909 2200 ln
928 2169 1022 2201 editis
1040 2171 1133 2203 deest
1151 2170 1269 2211 „dici.«
1287 2171 1324 2203 R.

279 2220 331 2265 ¹³)
358 2221 445 2254 Edd.
472 2221 520 2255 M.
547 2224 675 2267 „quiam

278 2278 330 2321 ¹⁴)
353 2278 409 2310 Sic
434 2278 513 2312 R'Iss.
538 2279 629 2311 Editi
656 2293 733 2312 vero
761 2281 804 2323 (v.
832 2294 857 2313 c.
887 2281 960 2312 cdd.
987 2280 1052 2324 Μ.)
1079 2280 1198 2325 unius«
1225 2282 1263 2314 R.
