1404 2463
193 110 259 145 3¹22
676 109 854 142 offlam-15

198 201 238 232 ad
265 199 459 232 Corinthios
491 199 684 242 epistola¹)
715 199 776 231 ait:
816 198 1044 242 „Sapientiam
1079 207 1190 230 autem
1223 197 1333 242 loqui—

201 275 276 293 mur
306 261 394 293 inter
423 261 611 305 perfectos:
645 260 840 305 sapientiam
874 273 958 291 vero.
987 271 1054 291 non
1084 259 1180 305 hujus
1204 259 1332 297 mundi,

200 335 308 368 neque
339 321 531 366 principum
557 321 654 366 hujus
679 321 815 361 mundi,
847 321 902 365 qni
928 322 1164 360 desti-numum
1198 321 1255 353 sed
1280 321 1331 352 lo-

201 384 336 429 quimur
360 383 425 415 Dei
460 383 655 426 sapientiam
687 383 721 415 in
752 383 911 429 mysterio
943 381 1193 422 absconditam,
1233 394 1331 426 quam

200 445 461 491 praedestinavit
499 446 592 477 Dens
638 454 714 477 ante
752 446 881 478 saecula
922 445 955 477 in
995 444 1136 486 gloriam
1175 453 1334 481 nostram.

201 520 300 553 quam
332 520 432 539 nemo
466 506 658 551 principum
693 506 789 551 hujus
823 506 938 539 mundi
964 505 1132 547 cognovit.
1173 505 1217 541 ‚Si
1243 505 1331 538 enim

202 569 450 612 cognovissent,
469 581 640 612 nunquam
659 568 846 601 Dominum
863 567 1044 613 majestatis
1061 567 1331 600 crucifixissent.“

202 632 239 664 ln
265 644 332 676 quo
359 631 536 663 ostendere
563 631 678 663 volens
704 630 940 674 sapientiarum
967 629 1186 669 differentias,
1210 629 1334 661 descri-

198 693 249 725 bit
273 706 342 724 esse
375 693 540 736 quandam
566 692 662 737 hujus
687 693 803 724 mundi
829 691 1045 736 sapientiam,
1078 701 1111 723 et
1135 703 1204 724 esse
1229 703 1333 735 quan-

201 755 276 787 dam
301 754 498 798 sapientiam
523 754 716 798 principum
736 754 832 799 hujus
848 753 977 792 mundi,
1002 752 1099 785 aliam
1119 765 1198 784 vero
1217 752 1333 794 esse²)

201 816 266 849 Dei
288 814 496 859 sapientiam.
545 815 614 847 Sed
646 825 679 847 et
711 815 774 847 hoc
807 827 884 846 cum
909 813 1008 859 (143)
1035 814 1133 846 dicit:
1172 814 1334 858 „Sapien-

200 875 327 921 tiam3)
345 876 539 920 principum
565 876 660 921 hujus
685 876 849 908 mundi:«
876 888 943 907 non
968 876 1114 908 arbitror
1138 889 1214 907 eum
1240 888 1333 907 com-

201 940 383 983 munem4)
416 938 562 982 aliquam
596 938 747 970 omnium
779 937 970 982 principum
1008 937 1105 983 hujus
1135 937 1253 969 mundi
1284 949 1333 969 sa·

199 1000 358 1045 pientiam
398 999 529 1040 dicere,
580 1000 639 1032 sed
677 999 886 1041 singulorum
928 999 1119 1044 principum
1159 998 1331 1044 propriam

200 1062 366 1106 quandam
404 1061 485 1094 mihi
521 1061 653 1094 videtur
688 1061 836 1094 indicare
866 1061 1073 1105 sapientiam.
1127 1061 1170 1094 Et
1200 1074 1331 1093 rursum

201 1137 277 1156 cum
302 1123 401 1156 dicit:
435 1122 524 1164 „Sed
539 1123 571 1166 ⁵)
598 1122 771 1166 loquimur
795 1123 860 1155 Dei
885 1123 1082 1168 sapientiam
1106 1122 1139 1155 in
1165 1122 1330 1168 mysterio

200 1186 449 1224 absconditam,
485 1197 585 1228 quam
615 1184 878 1228 praedestinavit
902 1185 996 1217 Deus
1028 1193 1104 1217 ante
1134 1184 1265 1217 saecula
1296 1184 1330 1217 in

199 1247 341 1290 gloriam
366 1249 562 1279 nostram:“
599 1246 838 1290 requirendum
872 1256 920 1279 est
944 1246 971 1278 si
995 1247 1133 1279 eandem
1160 1246 1241 1279 dicit
1263 1245 1330 1279 Dei

199 1308 395 1353 sapientiam
426 1308 528 1349 hanc,
562 1321 645 1353 quae
675 1309 868 1341 abscondita
900 1317 948 1340 est
979 1322 996 1341 a
1021 1309 1232 1353 temporibus
1256 1308 1330 1341 aliis

200 1380 232 1403 et
264 1369 550 1412 generationibus,
584 1378 617 1401 et
647 1382 715 1401 non
746 1369 895 1402 innotuit
919 1371 996 1403 filiis
1021 1370 1213 1410 hominum,
1244 1370 1330 1402 sicut

198 1445 285 1465 nunc
310 1431 456 1464 revelata
480 1440 529 1463 est
554 1431 673 1463 sanctis
698 1431 861 1474 apostolis
879 1432 959 1477 ejus,
985 1441 1018 1464 et
1033 1431 1220 1476 prophetis,
1246 1443 1329 1475 quae

200 1502 269 1526 erat
299 1503 331 1525 et
361 1493 421 1526 illa
448 1501 524 1525 ante
558 1493 737 1525 adventum
769 1493 951 1527 salvatoris
982 1493 1143 1538 sapientia
1167 1493 1252 1532 Dei,
1290 1506 1327 1525 ex

200 1568 263 1600 qua
303 1554 433 1598 sapiens
465 1564 536 1586 erat
567 1554 752 1595 Salomon,
789 1567 856 1599 quo
890 1554 1074 1587 Salomone
1106 1555 1180 1599 plus
1193 1555 1228 1597 ⁶)
1259 1567 1329 1587 esse

198 1617 289 1662 quod
315 1617 417 1649 docet
439 1616 611 1657 Salvator,
643 1615 748 1660 ipsius
774 1616 957 1649 Salvatoris
981 1629 1092 1648 sermo
1116 1615 1329 1660 pronunciat,

197 1747 258 1778 bus
283 1746 362 1778 Mss.
387 1746 518 1777 nullum
551 1754 600 1777 est
624 1744 739 1788 capitis
764 1744 954 1789 incipientis
979 1744 1160 1784 indicium.
1192 1753 1225 1777 et
1249 1753 1327 1788 post

197 1791 255 1823 illa
279 1792 396 1823 verba:
429 1791 626 1832 „adversum
651 1802 714 1822 nos
737 1791 869 1823 soleant
894 1794 1142 1830 commovere,“
1169 1789 1327 1822 continua

196 1836 281 1868 serie
314 1835 476 1878 scriptum
507 1846 573 1867 est:
613 1835 769 1876 „Docere
793 1849 854 1868 nos
880 1836 996 1868 voleus
1022 1844 1154 1868 sanctus
1178 1839 1327 1880 Aposto-

196 1883 266 1913 lus“
293 1891 353 1914 etc.
381 1881 419 1914 R.
445 1901 488 1906 —
514 1880 583 1914 Cfr.
609 1881 661 1912 ed.
688 1881 815 1925 Redep.
842 1893 913 1925 pag.
938 1880 1015 1915 288.
1039 1889 1110 1913 not.
1137 1880 1187 1914 12.

292 1938 322 1980 ¹)
347 1937 434 1970 Edd.
460 1937 507 1970 Μ.
534 1937 710 1981 „epistola‚
735 1950 810 1969 cum
835 1937 911 1971 ait.“
938 1956 980 1962 -—
1007 1936 1177 1975 1C0r.11,
1200 1935 1231 1970 6.
1250 1935 1280 1969 7.
1292 1935 1322 1969 8.

286 1992 320 2032 ²)
346 1991 401 2025 Sic
429 1992 506 2027 Mss.
533 1993 623 2025 Alias
649 1994 698 2037 (v.
725 2007 752 2027 c.
777 1993 812 2026 in
836 1994 911 2027 edd.
937 1993 1003 2038 M.)
1030 1992 1183 2034 „etiam.“
1209 1992 1249 2024 R.

286 2049 320 2089 3)
347 2047 416 2081 Cfr.
442 2049 453 2079 l
481 2049 560 2083 Cor.
589 2050 629 2089 ll,
654 2049 684 2083 6.

286 2102 319 2143 ⁴)
345 2103 401 2135 Sic
431 2105 510 2136 Mss.
537 2105 628 2138 Libri
661 2106 743 2138 editi
781 2107 826 2150 (v,
861 2119 888 2138 c.
913 2106 988 2140 edd.
1014 2104 1081 2149 M.)
1113 2118 1233 2147 „unam
1265 2104 1324 2136 ali-

195 2151 315 2191 quam“
342 2157 405 2180 etc
545 2152 578 2194 5)
606 2153 615 2182 Ι
643 2151 844 2190 C01.ll‚7.

283 2205 317 2246 ⁶)
345 2204 402 2236 Sic
428 2205 506 2238 Mss
532 2207 624 2239 Alias
650 2208 696 2250 (r.
723 2221 751 2241 c.
775 2208 809 2239 in
836 2207 912 2241 edd.
934 2207 999 2250 Μ.)
1027 2207 1123 2258 „plus
1148 2205 1246 2237 etiam
1272 2204 1322 2236 di·

187 2249 407 2325 ζέξιτιζοιψὲῖἑὶ
433 2251 543 2326 l{locet
581 2253 754 2291 Salvator,
796 2253 887 2296 quod
929 2261 961 2284 et
1000 2251 1103 2296 ipsius
1141 2250 1322 2284 salvatoris
