1404 2463
415 530 828 573 INLIBROS

278 634 529 687 ΠΕΡΙ
599 644 966 688 ΑΡΧΩΝ

342 764 918 815 ADMONITIO.

59 992 89 1027 1·
114 975 340 1042 Eusebius¹)
373 997 431 1030 lib.
456 995 510 1029 Vl.
548 994 635 1029 Hist.
666 994 794 1029 Eecles.
827 1008 897 1041 cap.
921 995 976 1030 24.
1005 1007 1181 1029 recensens

59 1071 220 1103 quaenam
245 1057 465 1092 Alexandriae
492 1069 596 1102 opera
620 1056 851 1101 composuerit
875 1056 1053 1099 Origenes,
1077 1057 1181 1091 libros

56 1122 140 1166 περὶ
163 1120 286 1167 ἀρχῶν
314 1120 403 1153 inter
434 1118 518 1151 alios
543 1127 713 1151 enumerat
735 1117 784 1151 his
810 1117 937 1152 verbis:
970 1118 1022 1153 Οὐ
1035 1119 1070 1163 ²)
1092 1119 1180 1165 μὴν,

57 1180 144 1216 ἀλλὰ
172 1184 232 1216 καὶ
255 1181 299 1216 τὰ
325 1183 410 1228 περὶ
432 1180 556 1226 ἀρχῶν
578 1179 650 1225 πρὸ
673 1179 815 1224 τῆς-’ἀπ’
834 1180 1181 1228 Ἀλεξανδρείαςμε-

57 1241 305 1282 ταναστάσεως
340 1241 487 1289 γράφει.
542 1242 581 1274 Id
612 1253 717 1273 unum
750 1253 828 1283 ergo
859 1241 999 1282 scimus,
1037 1242 1180 1288 scriptos

55 1303 155 1337 fuisse
179 1313 255 1337 ante
278 1316 401 1336 annum
434 1302 557 1337 Christi
580 1302 674 1343 231.,
705 1315 773 1347 quo
807 1302 1006 1336 Alexandria
1032 1304 1181 1345 excessit,

53 1375 91 1398 ut
116 1365 308 1399 Caesaream
328 1364 536 1398 Palaestinae
560 1376 594 1397 se
618 1363 794 1409 reciperet.
836 1364 911 1397 Jam
935 1365 1064 1398 dudum
1087 1378 1180 1408 grae-

55 1439 111 1459 cus
142 1426 279 1460 illorum
312 1436 485 1460 contextus
514 1426 632 1471 periit,
663 1435 697 1459 et
724 1438 831 1472 pauca
855 1426 1039 1459 admodum
1061 1439 1180 1469 graece

54 1497 231 1532 supersunt
253 1488 447 1532 fragmenta,
471 1500 555 1533 quae
578 1487 665 1521 infra
689 1487 755 1520 suis
779 1486 864 1520 locis
884 1487 997 1521 Rufini
1015 1487 1180 1534 interpre-

53 1548 172 1582 tationi
195 1549 341 1594 reperies
365 1549 529 1596 adjuncta.
576 1549 735 1590 Photius,
766 1549 821 1582 cui
845 1558 990 1594 quatuor
1015 1549 1116 1583 hosce
1140 1551 1182 1584 li-

52 1611 132 1644 bros
163 1623 278 1654 graece
314 1611 423 1653 legere
455 1612 563 1644 adhuc
595 1611 751 1654 contigit,
785 1610 933 1643 breviter
969 1611 1054 1646 Cod.
1085 1612 1178 1647 VIII.

0 1670 1 1678 ¹
52 1671 284 1706 Bibliothecae
308 1685 407 1714 suae,
437 1673 517 1718 quid
543 1673 766 1714 continerent,
797 1672 942 1717 explicat
971 1672 1021 1705 his
1051 1674 1178 1708 verbis:

51 1731 278 1779 Ἀνεγνώσθη
306 1734 514 1782 Ὠριγένους
542 1735 582 1770 τὸ
606 1737 689 1783 περὶ
712 1734 854 1780 ἀρχῶν,
880 1732 983 1780 λόγοι
1008 1733 1058 1770 δ’·
1083 1728 1134 1770 ὧν
1157 1735 1177 1771 ὁ

53 1794 124 1839 μὲν
146 1798 285 1842 πρῶτος
314 1799 399 1843 περὶ
429 1795 565 1844 πατρὸς
593 1799 654 1832 καὶ
683 1798 764 1832 υἱοῦ
788 1799 850 1832 καὶ
874 1795 984 1842 ἁγίου
1009 1795 1178 1844 πνεύμα-

53 1866 129 1895 τος·
161 1857 201 1890 ἐν
234 1850 262 1902 ᾧ
284 1860 433 1894 πλεῖστα
465 1861 693 1905 βλασφημεῖ,
725 1857 789 1894 τὸν
818 1857 889 1903 μὲν
912 1856 995 1894 υἱὸν
1017 1856 1090 1893 ὑπὸ
1114 1862 1177 1894 τοῦ

52 1915 188 1964 πατρὸς
210 1921 435 1962 πεποιῆσθαι
458 1922 584 1965 λέγων,
607 1919 647 1955 τὸ
667 1920 708 1955 δὲ
727 1921 874 1965 πνεῦμα
893 1917 966 1954 ὑπὸ
990 1922 1053 1955 τοῦ
1077 1922 1177 1955 υἱοῦ·

53 1980 114 2012 καὶ
145 1976 283 2022 διήκειν
311 1980 381 2024 μὲν
410 1979 473 2016 τὸν
509 1985 645 2027 πατέρα
676 1980 738 2017 διά
770 1980 918 2017 πάντων
946 1982 1019 2016 τῶν
1049 1977 1175 2026 ὄντων,

52 2037 118 2074 τὸν
141 2040 181 2074 δὲ
205 2038 287 2075 υἱὸν
311 2043 418 2087 μέχρι
447 2045 520 2077 τῶν
548 2046 706 2090 λογικῶν
730 2042 869 2089 μόνον,
901 2041 940 2077 τὸ
966 2043 1006 2078 δὲ
1030 2045 1176 2090 πνεῦμα

51 2103 159 2147 μέχρι
179 2099 300 2148 μόνον
322 2104 394 2137 τῶν
417 2108 665 2150 σεσωσμένων.
707 2108 821 2152 Λέγει
837 2105 878 2140 δὲ
901 2106 962 2140 καὶ
986 2100 1076 2140 ἄλλα
1099 2119 1177 2141 πα-

148 2218 180 2263 ¹)
205 2218 273 2252 Cfr.
289 2218 381 2261 Orig.
400 2198 491 2264 Opp.
507 2221 558 2254 ed.
573 2222 613 2254 de
633 2222 663 2254 la
676 2223 749 2256 Rue
764 2223 863 2256 Tom.
881 2223 904 2257 l.
922 2235 995 2268 pag.
1015 2223 1068 2258 42.
1084 2234 1175 2267 seqq.

144 2275 180 2318 ²)
206 2274 274 2307 Cfr.
302 2276 354 2308 ed.
380 2276 577 2310 Heinichen.
604 2279 702 2313 Tom.
718 2280 756 2314 II.
783 2292 854 2324 pag.
870 2279 923 2314 22.

100 2335 273 2370 Omonms
302 2337 426 2371 OPERA
454 2338 546 2373 ΤοΜ.
572 2340 663 2373 XXI.
964 2342 978 2373 1
