1404 2463
378 109 423 131 m:
450 99 644 132 Pmucmns
669 100 780 132 Lmrn
807 100 867 134 ΠΙ.
1133 99 1199 133 367

66 197 97 220 et
117 187 207 220 aiiud
224 188 285 220 erit
303 188 400 228 iilud,
425 189 539 232 quoin
556 187 821 231 incorruptione,
847 196 878 218 et
896 186 928 218 in
949 187 1081 226 virtute,
1107 197 1137 220 et
1166 188 1199 220 in

64 248 170 290 gloria
195 259 347 282 utemur:
372 250 429 282 sed
455 250 521 281 hoc
543 248 635 280 idem
660 247 799 292 abjectis
823 247 871 280 his
888 248 918 291 ¹)
942 247 1200 287 infirmitatibus,

64 310 98 342 in
124 310 246 354 quibus
269 323 358 343 nunc
383 319 449 352 est,
482 310 516 341 in
542 309 681 351 gloriam
706 308 1002 350 transmutabitur,
1025 309 1199 352 spiritualr¹

65 371 239 414 effectum,
261 380 299 404 ut
325 371 418 415 quod
442 370 503 402 suit
529 369 734 411 indignitatis
760 382 823 409 vas,
856 369 920 401 hoc
945 369 1054 412 ipsum
1081 382 1201 413 expur-

65 441 176 473 gatum
201 433 258 464 fiat
283 445 337 465 vas
362 431 509 471 honoris,
536 440 568 463 et
592 430 808 463 beatitudinis
834 430 1074 462 habitaculum.
1116 432 1201 473 ln'2)

66 505 134 536 quo
159 501 246 525 statu
271 492 369 525 etiam
394 504 591 537 permanere
615 503 749 535 semper
774 500 806 523 et
832 491 1087 523 immutabiliter
1111 505 1202 524 crea-

66 552 149 586 toris
173 553 346 586 voluntate
371 562 420 585 cst
445 552 662 593 credendum,
686 552 789 584 fidem
814 552 860 583 rei
881 552 1022 584 faciente
1040 554 1202 586 sententia

66 613 231 657 apostoli,
268 613 427 646 dicentis:
461 614 642 655 „Domum
656 613 690 656 ³)
723 613 885 645 habemus
920 626 988 645 non
1024 626 1125 645 manu
1157 614 1204 646 fa—

68 683 167 713 ctam,
190 683 358 706 aeternam
371 674 404 718 ⁴²)
430 674 464 706 iu
491 674 627 706 coelis.“
675 675 752 707 Non
779 674 866 705 enim
893 675 1077 705 secundum
1103 688 1204 718 quos-

67 735 144 766 dam
159 735 190 779 5)
217 735 425 768 Graecorum
453 735 677 779 philosophos
703 745 837 779 praeter
861 735 926 766 hoc
951 748 1085 779 corpus,
1111 736 1202 779 quod

68 807 106 827 ex
139 805 285 839 quatuor
315 795 489 830 elementis
522 805 587 837 est,
630 796 722 828 aliud
756 796 910 840 quintum
935 808 1076 840 corpus,
1113 796 1205 840 quod

67 867 130 898 per
153 855 265 887 omnia
291 856 383 888 aliud
408 857 466 896 sit,
500 867 531 889 et
557 858 726 889 diversum
752 858 793 889 ab
820 857 883 888 hoc
908 866 1024 889 nostro
1050 869 1206 900 corpore,

70 916 201 961 fides⁶)
235 917 395 949 ecclesiae
433 919 568 962 recipit:
609 918 768 962 quoniam
799 931 907 962 neque
948 930 986 950 ex
1021 917 1206 961 Scripturis

68 976 188 1009 sanctis
222 978 275 1010 vel
306 978 534 1022 suspicionem
566 980 713 1023 aliquam
745 980 899 1023 proferre
931 980 972 1011 de
1002 978 1052 1011 his
1085 978 1206 1022 quis⁷)

68 1047 200 1082 potest,
230 1051 340 1083 neque
370 1040 440 1084 ipsa
472 1054 584 1072 rerum
618 1040 854 1084 consequentia
885 1039 967 1071 haec
991 1039 1096 1082 recipi
1121 1038 1207 1082 pati-

70 1107 142 1138 tur,
178 1099 321 1131 maxime
359 1113 434 1132 cum
475 1101 650 1133 manifeste
689 1102 826 1133 definiat
857 1110 989 1133 sanctus
1021 1100 1207 1144 apostolus,

73 1159 150 1203 quia
188 1173 258 1192 non
296 1174 381 1193 nova
413 1161 524 1206 aliqua
561 1175 704 1206 corpora
736 1162 984 1203 resurgentibus
1014 1174 1032 1193 a
1065 1161 1208 1193 mortuis

75 1221 216 1261 dentur,
242 1222 301 1254 sed
325 1223 406 1255 haec
430 1223 520 1267 ipsa,
545 1236 629 1267 quae
656 1217 802 1255 viventes
826 1223 1026 1262 habuerant,
1052 1235 1089 1254 ex
1115 1223 1208 1254 dete-

72 1281 220 1314 rioribus
243 1282 277 1315 in
301 1284 422 1316 melius
446 1285 681 1316 transformata
703 1284 877 1328 recipiant.
914 1284 968 1316 Ait
993 1284 1100 1316 enim:
1128 1283 1211 1324 „Se-

71 1342 265 1388 minaturss)
291 1358 413 1389 corpus
437 1344 592 1384 animale,
616 1354 766 1387 resurget
791 1358 913 1389 corpus
937 1345 1127 1387 spirituale:
1160 1357 1210 1376 se-

72 1403 219 1436 minatur
242 1405 276 1437 in
299 1406 401 1449 (155)
428 1406 666 1451 corruptione,
701 1415 852 1448 resurget
875 1406 908 1438 in
933 1405 1210 1450 incorruptione:

73 1464 257 1498 seminatur
279 1466 313 1498 in
339 1466 550 1507 infirmitate,
574 1477 724 1509 resurget
748 1468 780 1499 in
806 1467 948 1500 virtute:
972 1467 1156 1500 seminatur
1178 1466 1211 1498 in

73 1526 296 1568 ignobilitate,
321 1538 470 1570 resurget
494 1530 527 1561 in
553 1529 692 1570 glorias*
741 1529 838 1563 Sicut
862 1541 941 1570 ergo
965 1529 1140 1572 profectus
1165 1536 1213 1559 est

76 1586 206 1619 homini
234 1588 387 1632 quidam,
403 1589 436 1632 ⁹)
471 1598 507 1621 ut
532 1602 608 1622 cum
632 1589 675 1622 sit
699 1588 793 1634 prius
816 1588 969 1622 animalis
992 1588 1118 1628 homo,
1151 1600 1213 1620 nec

175 1748 206 1790 ¹)
231 1748 335 1780 Deest
363 1748 454 1790 „hm
481 1750 514 1781 in
541 1750 618 1781 edd.
644 1749 691 1781 M.

172 1801 207 1846 2)
232 1803 320 1835 Vide
356 1805 413 1838 lib.
447 1806 488 1838 ll.
527 1804 762 1846 Origenianor.
796 1812 923 1848 quaest.
954 1803 1015 1837 ΧΙ.
1052 1814 1146 1836 num.
1182 1802 1216 1835 9.

81 1855 115 1879 et
136 1846 191 1881 23.
292 1849 326 1893 ³)
353 1849 421 1883 Csr.
450 1851 476 1883 il
501 1851 581 1883 Cor.
607 1851 647 1889 V,
674 1850 703 1883 1.

177 1903 211 1946 4)
236 1903 341 1935 Deest
366 1904 399 1936 in
424 1914 518 1937 autea
545 1904 646 1937 editis
669 1905 716 1948 (v,
743 1917 770 1937 c.
796 1904 871 1936 edd.
892 1903 969 1948 Μ),
994 1903 1053 1935 sed
1078 1902 1219 1934 habetur

81 1947 115 1980 in
142 1948 220 1981 Mss.
247 1953 473 1988 „aeternam.“
500 1950 539 1982 R.

174 2004 207 2048 ⁵)
232 2004 289 2036 Sic
321 2003 402 2038 Mss.
439 2006 476 2037 In
508 2004 607 2037 editis
639 2005 688 2048 (ν.
714 2017 741 2037 c.
767 2004 842 2036 edd.
867 2003 933 2046 Μ.)
968 2004 1062 2035 deest
1094 2014 1216 2046 „quos-

83 2049 190 2080 dam.«
218 2049 259 2081 R.
284 2070 326 2074 —
354 2050 423 2083 Cfr.
454 2051 507 2083 ed.
532 2050 662 2094 Redep.
686 2062 761 2094 pag.
785 2049 861 2084 325.
887 2057 957 2081 not.
983 2047 1036 2082 30.

142 2148 150 2155 ο
175 2103 292 2180 1Dasiss:
317 2103 413 2168 Mas.⁷
431 2104 526 2181 Egiti
555 2106 605 2148 (v.
638 2118 668 2157 c..
689 2106 766 2170 ‘e‘de
792 2105 859 2182 N‘lig
892 2104 998 2182 ›ffldes
1031 2103 1218 2135 necessario

83 2161 150 2180 reci
181 2157 212 2180 nt.
295 2175 304 2183 .
863 2176 871 2184 .
940 2175 946 2182 .

154 2161 211 2248 p³³)
237 2204 306 2238 Cfr.
333 2205 344 2235 l
373 2150 452 2237 Coi.
478 2159 566 2243 izit
577 2163 768 2239 [il-¹124&
794 2162 811 2182 ⁰

179 2260 213 2302 ⁹)
240 2260 288 2291 lta
312 2260 394 2292 Mss.
419 2259 509 2291 Editi
537 2272 614 2291 vero
641 2261 685 2304 (v.
713 2274 738 2293 c.
766 2261 842 2293 odd.
870 2260 937 2305 M.)
966 2260 1153 2305 ›1quidem.«
1180 2258 1220 2289 l'u.
