<?xml version="1.0" encoding="UTF-8"?>
<!DOCTYPE html PUBLIC "-//W3C//DTD XHTML 1.0 Transitional//EN"
    "http://www.w3.org/TR/xhtml1/DTD/xhtml1-transitional.dtd">
<html xmlns="http://www.w3.org/1999/xhtml" xml:lang="en" lang="en">
 <head>
  <title>
</title>
<meta http-equiv="Content-Type" content="text/html;charset=utf-8" />
  <meta name='ocr-system' content='tesseract 3.04.00' />
  <meta name='ocr-capabilities' content='ocr_page ocr_carea ocr_par ocr_line ocrx_word'/>
</head>
<body>
  <div class='ocr_page' id='page_1' title='image "./operaomniaquaegr21orig/operaomniaquaegr21orig_0520.png"; bbox 0 0 1404 2463; ppageno 0'>
   <div class='ocr_carea' id='block_1_1' title="bbox 151 120 872 156">
    <p class='ocr_par' dir='ltr' id='par_1_1' title="bbox 151 120 872 156">
     <span class='ocr_line' id='line_1_1' title="bbox 151 120 872 156; baseline 0 -1"><span class='ocrx_word' id='word_1_1' title='bbox 151 120 218 155; x_wconf 83' lang='lat'><em>506</em></span> <span class='ocrx_word' id='word_1_2' title='bbox 623 131 668 155; x_wconf 71' lang='lat' dir='ltr'><em>nx</em></span> <span class='ocrx_word' id='word_1_3' title='bbox 694 122 872 156; x_wconf 63' lang='lat' dir='ltr'>Omfflzms</span> 
     </span>
    </p>
   </div>
   <div class='ocr_carea' id='block_1_2' title="bbox 137 210 1295 1863">
    <p class='ocr_par' dir='ltr' id='par_1_2' title="bbox 146 210 1295 875">
     <span class='ocr_line' id='line_1_2' title="bbox 152 210 1295 258; baseline 0.003 -13"><span class='ocrx_word' id='word_1_4' title='bbox 152 211 224 245; x_wconf 84' lang='grc' dir='ltr'><em>τῶν</em></span> <span class='ocrx_word' id='word_1_5' title='bbox 254 212 362 246; x_wconf 89' lang='grc' dir='ltr'><em>πέντε</em></span> <span class='ocrx_word' id='word_1_6' title='bbox 392 212 559 250; x_wconf 84' lang='grc' dir='ltr'><em>Μωσέως</em></span> <span class='ocrx_word' id='word_1_7' title='bbox 587 210 922 258; x_wconf 74' lang='grc' dir='ltr'><em>ἐπιγεγραμμένων</em></span> <span class='ocrx_word' id='word_1_8' title='bbox 952 214 1122 256; x_wconf 84' lang='grc' dir='ltr'><em>βιβλίων,</em></span> <span class='ocrx_word' id='word_1_9' title='bbox 1158 212 1209 257; x_wconf 75' lang='grc' dir='ltr'><em>μή</em></span> <span class='ocrx_word' id='word_1_10' title='bbox 1247 211 1295 248; x_wconf 78' lang='grc' dir='ltr'><em>ἂν</em></span> 
     </span>
     <span class='ocr_line' id='line_1_3' title="bbox 151 270 1295 321; baseline 0.002 -14"><span class='ocrx_word' id='word_1_11' title='bbox 151 270 320 312; x_wconf 75' lang='grc' dir='ltr'><em>διατάξαι</em></span> <span class='ocrx_word' id='word_1_12' title='bbox 355 271 439 312; x_wconf 79' lang='grc' dir='ltr'><em>τοὺς</em></span> <span class='ocrx_word' id='word_1_13' title='bbox 479 271 543 307; x_wconf 89' lang='grc' dir='ltr'><em>τὸν</em></span> <span class='ocrx_word' id='word_1_14' title='bbox 579 271 788 308; x_wconf 78' lang='grc' dir='ltr'><em>ἀπόστολον</em></span> <span class='ocrx_word' id='word_1_15' title='bbox 826 271 929 313; x_wconf 77' lang='grc' dir='ltr'><em>ἅπαξ</em></span> <span class='ocrx_word' id='word_1_16' title='bbox 961 271 1008 312; x_wconf 83' lang='grc' dir='ltr'><em>ὠς</em></span> <span class='ocrx_word' id='word_1_17' title='bbox 1037 277 1144 309; x_wconf 79' lang='grc' dir='ltr'><em>θεῖον</em></span> <span class='ocrx_word' id='word_1_18' title='bbox 1176 271 1295 321; x_wconf 72' lang='grc' dir='ltr'><em>ἄνδρα</em></span> 
     </span>
     <span class='ocr_line' id='line_1_4' title="bbox 151 334 1294 382; baseline 0.002 -13"><span class='ocrx_word' id='word_1_19' title='bbox 151 337 434 380; x_wconf 80' lang='grc' dir='ltr'><em>προσιεμένους·</em></span> <span class='ocrx_word' id='word_1_20' title='bbox 474 336 558 380; x_wconf 87' lang='grc' dir='ltr'><em>περὶ</em></span> <span class='ocrx_word' id='word_1_21' title='bbox 574 335 606 379; x_wconf 89' lang='lat'><em>¹)</em></span> <span class='ocrx_word' id='word_1_22' title='bbox 629 335 670 370; x_wconf 78' lang='grc' dir='ltr'><em>δὲ</em></span> <span class='ocrx_word' id='word_1_23' title='bbox 693 337 755 379; x_wconf 87' lang='grc' dir='ltr'><em>τῆς</em></span> <span class='ocrx_word' id='word_1_24' title='bbox 778 337 909 378; x_wconf 83' lang='grc' dir='ltr'><em>λοιπῆς</em></span> <span class='ocrx_word' id='word_1_25' title='bbox 933 337 1093 382; x_wconf 75' lang='grc' dir='ltr'><em>ἱστορίας</em></span> <span class='ocrx_word' id='word_1_26' title='bbox 1115 334 1294 380; x_wconf 79' lang='grc' dir='ltr'><em>βούλεσθε</em></span> 
     </span>
     <span class='ocr_line' id='line_1_5' title="bbox 149 395 1295 444; baseline 0.001 -14"><span class='ocrx_word' id='word_1_27' title='bbox 149 395 380 443; x_wconf 74' lang='grc' dir='ltr'><em>μανθάνειν,</em></span> <span class='ocrx_word' id='word_1_28' title='bbox 415 399 446 432; x_wconf 76' lang='grc' dir='ltr'><em>εἰ</em></span> <span class='ocrx_word' id='word_1_29' title='bbox 471 395 666 441; x_wconf 58' lang='grc' dir='ltr'><em>κάκείνηῖ)</em></span> <span class='ocrx_word' id='word_1_30' title='bbox 690 398 851 436; x_wconf 82' lang='grc' dir='ltr'><em>τυπικῶς</em></span> <span class='ocrx_word' id='word_1_31' title='bbox 874 400 1085 441; x_wconf 74' lang='grc' dir='ltr'><em>συνέβαινες</em></span> <span class='ocrx_word' id='word_1_32' title='bbox 1119 401 1295 444; x_wconf 75' lang='grc' dir='ltr'><em>Παρατη-</em></span> 
     </span>
     <span class='ocr_line' id='line_1_6' title="bbox 150 456 1294 504; baseline 0.001 -11"><span class='ocrx_word' id='word_1_33' title='bbox 150 461 278 502; x_wconf 87' lang='grc' dir='ltr'><em>ρητέον</em></span> <span class='ocrx_word' id='word_1_34' title='bbox 297 458 332 502; x_wconf 73' lang='grc'><em>3)</em></span> <span class='ocrx_word' id='word_1_35' title='bbox 357 458 413 502; x_wconf 66' lang='lat'><em>{32</em></span> <span class='ocrx_word' id='word_1_36' title='bbox 452 460 516 501; x_wconf 82' lang='grc' dir='ltr'><em>τῆς</em></span> <span class='ocrx_word' id='word_1_37' title='bbox 557 456 649 503; x_wconf 87' lang='grc' dir='ltr'><em>πρὸς</em></span> <span class='ocrx_word' id='word_1_38' title='bbox 684 457 884 504; x_wconf 82' lang='grc' dir='ltr'><em>Ῥωμαίους</em></span> <span class='ocrx_word' id='word_1_39' title='bbox 917 457 974 494; x_wconf 87' lang='grc' dir='ltr'><em>τό·</em></span> <span class='ocrx_word' id='word_1_40' title='bbox 1017 462 1239 495; x_wconf 73' lang='grc' dir='ltr'><em>»κατέλιπον</em></span> <span class='ocrx_word' id='word_1_41' title='bbox 1259 458 1294 504; x_wconf 80' lang='lat'><em>⁴)</em></span> 
     </span>
     <span class='ocr_line' id='line_1_7' title="bbox 149 517 1294 566; baseline 0 -12"><span class='ocrx_word' id='word_1_42' title='bbox 149 520 297 564; x_wconf 71' lang='grc' dir='ltr'><em>ἐμαυτῷ</em></span> <span class='ocrx_word' id='word_1_43' title='bbox 337 520 628 565; x_wconf 81' lang='grc' dir='ltr'><em>ἑπτακισχιλίους</em></span> <span class='ocrx_word' id='word_1_44' title='bbox 658 517 813 566; x_wconf 67' lang='grc' dir='ltr'><em>ἄνδρας,</em></span> <span class='ocrx_word' id='word_1_45' title='bbox 857 522 986 559; x_wconf 80' lang='grc' dir='ltr'><em>οἵτινες</em></span> <span class='ocrx_word' id='word_1_46' title='bbox 1020 520 1086 555; x_wconf 84' lang='grc' dir='ltr'><em>οὐκ</em></span> <span class='ocrx_word' id='word_1_47' title='bbox 1117 523 1294 566; x_wconf 80' lang='grc' dir='ltr'><em>ἔκαμψαν</em></span> 
     </span>
     <span class='ocr_line' id='line_1_8' title="bbox 148 579 1291 630; baseline 0.001 -14"><span class='ocrx_word' id='word_1_48' title='bbox 148 579 242 626; x_wconf 89' lang='grc' dir='ltr'><em>γόνυ</em></span> <span class='ocrx_word' id='word_1_49' title='bbox 272 582 311 628; x_wconf 80' lang='grc' dir='ltr'><em>τῇ</em></span> <span class='ocrx_word' id='word_1_50' title='bbox 336 579 490 615; x_wconf 75' lang='grc' dir='ltr'><em>Βάαλ·«</em></span> <span class='ocrx_word' id='word_1_51' title='bbox 529 586 700 628; x_wconf 81' lang='grc' dir='ltr'><em>κείμενον</em></span> <span class='ocrx_word' id='word_1_52' title='bbox 724 583 765 617; x_wconf 77' lang='grc' dir='ltr'><em>ἐν</em></span> <span class='ocrx_word' id='word_1_53' title='bbox 789 584 828 630; x_wconf 74' lang='grc' dir='ltr'><em>τῇ</em></span> <span class='ocrx_word' id='word_1_54' title='bbox 854 585 952 629; x_wconf 75' lang='grc' dir='ltr'><em>τρίτῃ</em></span> <span class='ocrx_word' id='word_1_55' title='bbox 977 583 1050 616; x_wconf 86' lang='grc' dir='ltr'><em>τῶν</em></span> <span class='ocrx_word' id='word_1_56' title='bbox 1072 584 1291 626; x_wconf 85' lang='grc' dir='ltr'><em>Βασιλειιῦν,</em></span> 
     </span>
     <span class='ocr_line' id='line_1_9' title="bbox 149 641 1293 690; baseline 0.001 -13"><span class='ocrx_word' id='word_1_57' title='bbox 149 641 205 677; x_wconf 83' lang='grc' dir='ltr'><em>ὅτι</em></span> <span class='ocrx_word' id='word_1_58' title='bbox 231 642 249 678; x_wconf 84' lang='grc' dir='ltr'>ὁ</span> <span class='ocrx_word' id='word_1_59' title='bbox 278 645 428 683; x_wconf 78' lang='grc' dir='ltr'><em>Παῦλος</em></span> <span class='ocrx_word' id='word_1_60' title='bbox 454 645 605 689; x_wconf 75' lang='grc' dir='ltr'><em>εἴληφεν</em></span> <span class='ocrx_word' id='word_1_61' title='bbox 630 643 711 678; x_wconf 82' lang='grc' dir='ltr'><em>ἀντὶ</em></span> <span class='ocrx_word' id='word_1_62' title='bbox 735 645 808 678; x_wconf 82' lang='grc' dir='ltr'><em>τῶν</em></span> <span class='ocrx_word' id='word_1_63' title='bbox 832 643 906 678; x_wconf 85' lang='grc' dir='ltr'><em>κατ’</em></span> <span class='ocrx_word' id='word_1_64' title='bbox 935 642 1094 689; x_wconf 71' lang='grc' dir='ltr'><em>ἐκλογὴν</em></span> <span class='ocrx_word' id='word_1_65' title='bbox 1114 643 1293 690; x_wconf 82' lang='grc' dir='ltr'><em>Ἰσραηλι-</em></span> 
     </span>
     <span class='ocr_line' id='line_1_10' title="bbox 148 703 1289 752; baseline -0.001 -12"><span class='ocrx_word' id='word_1_66' title='bbox 148 707 232 749; x_wconf 86' lang='grc' dir='ltr'><em>τῶν,</em></span> <span class='ocrx_word' id='word_1_67' title='bbox 259 707 308 750; x_wconf 83' lang='grc' dir='ltr'><em>τῷ</em></span> <span class='ocrx_word' id='word_1_68' title='bbox 333 704 384 750; x_wconf 83' lang='grc' dir='ltr'><em>μῆ</em></span> <span class='ocrx_word' id='word_1_69' title='bbox 408 703 530 752; x_wconf 88' lang='grc' dir='ltr'><em>μόνον</em></span> <span class='ocrx_word' id='word_1_70' title='bbox 554 703 596 740; x_wconf 67' lang='lat' dir='ltr'><em>rc}</em></span> <span class='ocrx_word' id='word_1_71' title='bbox 623 706 712 748; x_wconf 80' lang='grc' dir='ltr'><em>ἔθνη</em></span> <span class='ocrx_word' id='word_1_72' title='bbox 737 704 962 751; x_wconf 72' lang='grc' dir='ltr'><em>ὠφελεῖσθαι</em></span> <span class='ocrx_word' id='word_1_73' title='bbox 982 703 1105 750; x_wconf 51' lang='lat' dir='ltr'><em>duest)</em></span> <span class='ocrx_word' id='word_1_74' title='bbox 1123 707 1185 749; x_wconf 84' lang='grc' dir='ltr'><em>τῆς</em></span> <span class='ocrx_word' id='word_1_75' title='bbox 1196 710 1289 751; x_wconf 84' lang='grc' dir='ltr'><em>Χρι-</em></span> 
     </span>
     <span class='ocr_line' id='line_1_11' title="bbox 147 765 1292 812; baseline 0 -10"><span class='ocrx_word' id='word_1_76' title='bbox 147 769 234 802; x_wconf 85' lang='grc' dir='ltr'><em>στοῦ</em></span> <span class='ocrx_word' id='word_1_77' title='bbox 266 767 480 812; x_wconf 70' lang='grc' dir='ltr'><em>ἐπιδημίας,</em></span> <span class='ocrx_word' id='word_1_78' title='bbox 523 765 615 802; x_wconf 74' lang='grc' dir='ltr'><em>ἀλλὰ</em></span> <span class='ocrx_word' id='word_1_79' title='bbox 647 770 712 801; x_wconf 88' lang='grc' dir='ltr'><em>καί</em></span> <span class='ocrx_word' id='word_1_80' title='bbox 744 780 844 806; x_wconf 85' lang='grc' dir='ltr'><em>τινας</em></span> <span class='ocrx_word' id='word_1_81' title='bbox 881 768 953 801; x_wconf 87' lang='grc' dir='ltr'><em>τῶν</em></span> <span class='ocrx_word' id='word_1_82' title='bbox 984 765 1059 802; x_wconf 76' lang='grc' dir='ltr'><em>ἀπὸ</em></span> <span class='ocrx_word' id='word_1_83' title='bbox 1091 769 1154 802; x_wconf 89' lang='grc' dir='ltr'><em>τοῦ</em></span> <span class='ocrx_word' id='word_1_84' title='bbox 1187 771 1292 803; x_wconf 88' lang='grc' dir='ltr'><em>θείου</em></span> 
     </span>
     <span class='ocr_line' id='line_1_12' title="bbox 146 833 286 875; baseline -0.014 -10"><span class='ocrx_word' id='word_1_85' title='bbox 146 833 286 875; x_wconf 85' lang='grc' dir='ltr'><em>γένους.</em></span> 
     </span>
    </p>

    <p class='ocr_par' dir='ltr' id='par_1_3' title="bbox 137 887 1292 1863">
     <span class='ocr_line' id='line_1_13' title="bbox 237 887 1291 935; baseline -0.002 -10"><span class='ocrx_word' id='word_1_86' title='bbox 237 891 292 925; x_wconf 79' lang='lat'><em>14.</em></span> <span class='ocrx_word' id='word_1_87' title='bbox 344 889 493 924; x_wconf 86' lang='grc' dir='ltr'><em>Τούτων</em></span> <span class='ocrx_word' id='word_1_88' title='bbox 518 887 631 928; x_wconf 77' lang='grc' dir='ltr'><em>οὕτως</em></span> <span class='ocrx_word' id='word_1_89' title='bbox 648 887 808 934; x_wconf 67' lang='grc' dir='ltr'><em>ἐχόντων</em></span> <span class='ocrx_word' id='word_1_90' title='bbox 824 888 908 929; x_wconf 79' lang='grc' dir='ltr'><em>τοὺς</em></span> <span class='ocrx_word' id='word_1_91' title='bbox 925 891 1176 935; x_wconf 77' lang='grc' dir='ltr'><em>φαινομένους</em></span> <span class='ocrx_word' id='word_1_92' title='bbox 1199 887 1291 932; x_wconf 83' lang='grc' dir='ltr'><em>ἡμῖν</em></span> 
     </span>
     <span class='ocr_line' id='line_1_14' title="bbox 141 949 1290 999; baseline -0.003 -13"><span class='ocrx_word' id='word_1_93' title='bbox 141 953 374 999; x_wconf 78' lang='grc' dir='ltr'><em>χαρακτῆρας</em></span> <span class='ocrx_word' id='word_1_94' title='bbox 412 952 475 995; x_wconf 84' lang='grc' dir='ltr'><em>τῆς</em></span> <span class='ocrx_word' id='word_1_95' title='bbox 513 949 672 994; x_wconf 81' lang='grc' dir='ltr'><em>νοήσεως</em></span> <span class='ocrx_word' id='word_1_96' title='bbox 705 953 778 985; x_wconf 85' lang='grc' dir='ltr'><em>τῶν</em></span> <span class='ocrx_word' id='word_1_97' title='bbox 815 953 976 997; x_wconf 81' lang='grc' dir='ltr'><em>γραφῶν</em></span> <span class='ocrx_word' id='word_1_98' title='bbox 1016 949 1290 986; x_wconf 82' lang='grc' dir='ltr'><em>ὑποτυπωτέον.</em></span> 
     </span>
     <span class='ocr_line' id='line_1_15' title="bbox 145 1010 1292 1059; baseline -0.002 -10"><span class='ocrx_word' id='word_1_99' title='bbox 145 1017 222 1049; x_wconf 85' lang='grc' dir='ltr'><em>Καὶ</em></span> <span class='ocrx_word' id='word_1_100' title='bbox 244 1011 392 1057; x_wconf 87' lang='grc' dir='ltr'><em>πρῶτόν</em></span> <span class='ocrx_word' id='word_1_101' title='bbox 416 1025 460 1059; x_wconf 85' lang='grc' dir='ltr'><em>γε</em></span> <span class='ocrx_word' id='word_1_102' title='bbox 483 1015 590 1048; x_wconf 85' lang='grc' dir='ltr'><em>τοῦτο</em></span> <span class='ocrx_word' id='word_1_103' title='bbox 617 1011 872 1057; x_wconf 77' lang='grc' dir='ltr'><em>ὑποδεικτέον,</em></span> <span class='ocrx_word' id='word_1_104' title='bbox 900 1011 954 1048; x_wconf 86' lang='grc' dir='ltr'><em>ὅτι</em></span> <span class='ocrx_word' id='word_1_105' title='bbox 979 1010 998 1047; x_wconf 81' lang='grc' dir='ltr'>ὁ</span> <span class='ocrx_word' id='word_1_106' title='bbox 1023 1012 1126 1057; x_wconf 83' lang='grc'>(172)</span> <span class='ocrx_word' id='word_1_107' title='bbox 1153 1010 1292 1051; x_wconf 74' lang='grc' dir='ltr'><em>σκοπὸς</em></span> 
     </span>
     <span class='ocr_line' id='line_1_16' title="bbox 143 1073 1288 1123; baseline -0.003 -12"><span class='ocrx_word' id='word_1_108' title='bbox 143 1078 192 1122; x_wconf 79' lang='grc' dir='ltr'><em>τῷ</em></span> <span class='ocrx_word' id='word_1_109' title='bbox 218 1079 411 1123; x_wconf 65' lang='grc' dir='ltr'><em>φωτίζοντι</em></span> <span class='ocrx_word' id='word_1_110' title='bbox 434 1074 630 1121; x_wconf 82' lang='grc' dir='ltr'><em>πνεύματι,</em></span> <span class='ocrx_word' id='word_1_111' title='bbox 655 1078 813 1120; x_wconf 75' lang='grc' dir='ltr'><em>προνοίᾳ</em></span> <span class='ocrx_word' id='word_1_112' title='bbox 838 1076 941 1119; x_wconf 88' lang='grc' dir='ltr'><em>θεοῦ,</em></span> <span class='ocrx_word' id='word_1_113' title='bbox 967 1074 1029 1109; x_wconf 78' lang='grc' dir='ltr'><em>διὰ</em></span> <span class='ocrx_word' id='word_1_114' title='bbox 1056 1075 1119 1110; x_wconf 92' lang='grc' dir='ltr'><em>τοῦ</em></span> <span class='ocrx_word' id='word_1_115' title='bbox 1139 1074 1179 1108; x_wconf 73' lang='grc' dir='ltr'><em>ἓν</em></span> <span class='ocrx_word' id='word_1_116' title='bbox 1197 1073 1288 1122; x_wconf 77' lang='grc' dir='ltr'><em>ἀρχῇ</em></span> 
     </span>
     <span class='ocr_line' id='line_1_17' title="bbox 144 1134 1286 1184; baseline -0.003 -11"><span class='ocrx_word' id='word_1_117' title='bbox 144 1138 237 1184; x_wconf 83' lang='grc' dir='ltr'><em>πρὸς</em></span> <span class='ocrx_word' id='word_1_118' title='bbox 267 1137 332 1173; x_wconf 86' lang='grc' dir='ltr'><em>τὸν</em></span> <span class='ocrx_word' id='word_1_119' title='bbox 362 1136 453 1173; x_wconf 82' lang='grc' dir='ltr'><em>θεὸν</em></span> <span class='ocrx_word' id='word_1_120' title='bbox 493 1135 607 1182; x_wconf 87' lang='grc' dir='ltr'><em>λόγου</em></span> <span class='ocrx_word' id='word_1_121' title='bbox 645 1134 729 1175; x_wconf 77' lang='grc' dir='ltr'><em>τούς</em></span> <span class='ocrx_word' id='word_1_122' title='bbox 767 1135 963 1176; x_wconf 74' lang='grc' dir='ltr'><em>διακόνους</em></span> <span class='ocrx_word' id='word_1_123' title='bbox 992 1138 1061 1179; x_wconf 48' lang='grc' dir='ltr'><em>’τῆς</em></span> <span class='ocrx_word' id='word_1_124' title='bbox 1101 1135 1286 1180; x_wconf 84' lang='grc' dir='ltr'><em>ἀληθείας,</em></span> 
     </span>
     <span class='ocr_line' id='line_1_18' title="bbox 144 1191 1288 1246; baseline -0.002 -11"><span class='ocrx_word' id='word_1_125' title='bbox 144 1199 339 1246; x_wconf 73' lang='grc' dir='ltr'><em>προφήτας</em></span> <span class='ocrx_word' id='word_1_126' title='bbox 374 1201 437 1234; x_wconf 89' lang='grc' dir='ltr'><em>καὶ</em></span> <span class='ocrx_word' id='word_1_127' title='bbox 472 1197 723 1238; x_wconf 70' lang='grc' dir='ltr'><em>ἀποστόλους,</em></span> <span class='ocrx_word' id='word_1_128' title='bbox 764 1191 812 1242; x_wconf 77' lang='grc' dir='ltr'><em>ἦν</em></span> <span class='ocrx_word' id='word_1_129' title='bbox 843 1201 1132 1245; x_wconf 84' lang='grc' dir='ltr'><em>προηγουμένως</em></span> <span class='ocrx_word' id='word_1_130' title='bbox 1165 1198 1237 1243; x_wconf 79' lang='grc' dir='ltr'><em>μὲν</em></span> <span class='ocrx_word' id='word_1_131' title='bbox 1269 1196 1288 1233; x_wconf 85' lang='grc' dir='ltr'>ὁ</span> 
     </span>
     <span class='ocr_line' id='line_1_19' title="bbox 143 1258 1288 1308; baseline -0.003 -11"><span class='ocrx_word' id='word_1_132' title='bbox 143 1264 228 1307; x_wconf 87' lang='grc' dir='ltr'><em>περὶ</em></span> <span class='ocrx_word' id='word_1_133' title='bbox 267 1264 341 1296; x_wconf 85' lang='grc' dir='ltr'><em>τῶν</em></span> <span class='ocrx_word' id='word_1_134' title='bbox 376 1259 597 1308; x_wconf 77' lang='grc' dir='ltr'><em>ιῖπορῥήτων</em></span> <span class='ocrx_word' id='word_1_135' title='bbox 626 1263 838 1306; x_wconf 82' lang='grc' dir='ltr'><em>μυστηρίων</em></span> <span class='ocrx_word' id='word_1_136' title='bbox 870 1262 944 1295; x_wconf 87' lang='grc' dir='ltr'><em>τῶν</em></span> <span class='ocrx_word' id='word_1_137' title='bbox 976 1258 1068 1295; x_wconf 76' lang='grc' dir='ltr'><em>κατὰ</em></span> <span class='ocrx_word' id='word_1_138' title='bbox 1104 1258 1187 1299; x_wconf 84' lang='grc' dir='ltr'><em>τοὺς</em></span> <span class='ocrx_word' id='word_1_139' title='bbox 1218 1258 1288 1294; x_wconf 76' lang='grc' dir='ltr'><em>ἆν-</em></span> 
     </span>
     <span class='ocr_line' id='line_1_20' title="bbox 144 1320 1290 1370; baseline -0.003 -11"><span class='ocrx_word' id='word_1_140' title='bbox 144 1323 318 1370; x_wconf 79' lang='grc' dir='ltr'><em>θρώπους</em></span> <span class='ocrx_word' id='word_1_141' title='bbox 349 1322 600 1369; x_wconf 84' lang='grc' dir='ltr'><em>πραγμάτων·</em></span> <span class='ocrx_word' id='word_1_142' title='bbox 624 1342 669 1348; x_wconf 91' lang='lat'>—</span> <span class='ocrx_word' id='word_1_143' title='bbox 693 1320 920 1368; x_wconf 69' lang='grc' dir='ltr'><em>ἀνθρώπους</em></span> <span class='ocrx_word' id='word_1_144' title='bbox 950 1323 990 1357; x_wconf 78' lang='grc' dir='ltr'><em>δὲ</em></span> <span class='ocrx_word' id='word_1_145' title='bbox 1016 1323 1085 1357; x_wconf 88' lang='grc' dir='ltr'><em>νῦν</em></span> <span class='ocrx_word' id='word_1_146' title='bbox 1107 1324 1201 1367; x_wconf 86' lang='grc' dir='ltr'><em>λέγω</em></span> <span class='ocrx_word' id='word_1_147' title='bbox 1226 1320 1290 1360; x_wconf 77' lang='grc' dir='ltr'><em>τὰς</em></span> 
     </span>
     <span class='ocr_line' id='line_1_21' title="bbox 137 1383 1288 1432; baseline -0.004 -10"><span class='ocrx_word' id='word_1_148' title='bbox 137 1389 333 1432; x_wconf 85' lang='grc' dir='ltr'><em>χρωμένας</em></span> <span class='ocrx_word' id='word_1_149' title='bbox 364 1383 486 1430; x_wconf 76' lang='grc' dir='ltr'><em>ψυχὰς</em></span> <span class='ocrx_word' id='word_1_150' title='bbox 511 1384 680 1429; x_wconf 84' lang='grc' dir='ltr'><em>σώμασιν</em></span> <span class='ocrx_word' id='word_1_151' title='bbox 705 1394 770 1410; x_wconf 89' lang='lat'><em>—-·</em></span> <span class='ocrx_word' id='word_1_152' title='bbox 807 1384 851 1419; x_wconf 78' lang='grc' dir='ltr'><em>ἵν’</em></span> <span class='ocrx_word' id='word_1_153' title='bbox 880 1383 898 1420; x_wconf 86' lang='grc' dir='ltr'><em>ό</em></span> <span class='ocrx_word' id='word_1_154' title='bbox 925 1383 1131 1429; x_wconf 73' lang='grc' dir='ltr'><em>δυνάμενος</em></span> <span class='ocrx_word' id='word_1_155' title='bbox 1155 1384 1288 1429; x_wconf 74' lang='grc' dir='ltr'><em>διδαχ-</em></span> 
     </span>
     <span class='ocr_line' id='line_1_22' title="bbox 141 1443 1286 1493; baseline -0.003 -9"><span class='ocrx_word' id='word_1_156' title='bbox 141 1450 255 1493; x_wconf 86' lang='grc' dir='ltr'><em>θῆναι</em></span> <span class='ocrx_word' id='word_1_157' title='bbox 280 1445 496 1493; x_wconf 75' lang='grc' dir='ltr'><em>ἐρευνήσας,</em></span> <span class='ocrx_word' id='word_1_158' title='bbox 522 1447 585 1480; x_wconf 85' lang='grc' dir='ltr'><em>καὶ</em></span> <span class='ocrx_word' id='word_1_159' title='bbox 609 1449 683 1485; x_wconf 84' lang='grc' dir='ltr'><em>τοῖς</em></span> <span class='ocrx_word' id='word_1_160' title='bbox 705 1443 838 1489; x_wconf 78' lang='grc' dir='ltr'><em>βάθεσι</em></span> <span class='ocrx_word' id='word_1_161' title='bbox 862 1447 926 1480; x_wconf 86' lang='grc' dir='ltr'><em>τοῦ</em></span> <span class='ocrx_word' id='word_1_162' title='bbox 952 1449 1018 1481; x_wconf 90' lang='grc' dir='ltr'><em>νοῦ</em></span> <span class='ocrx_word' id='word_1_163' title='bbox 1043 1445 1106 1481; x_wconf 73' lang='grc' dir='ltr'><em>διὰ</em></span> <span class='ocrx_word' id='word_1_164' title='bbox 1129 1447 1202 1480; x_wconf 86' lang='grc' dir='ltr'><em>τῶν</em></span> <span class='ocrx_word' id='word_1_165' title='bbox 1224 1448 1286 1480; x_wconf 89' lang='grc' dir='ltr'><em>λέ-</em></span> 
     </span>
     <span class='ocr_line' id='line_1_23' title="bbox 142 1505 1287 1552; baseline -0.004 -6"><span class='ocrx_word' id='word_1_166' title='bbox 142 1514 233 1551; x_wconf 78' lang='grc' dir='ltr'><em>ξεων</em></span> <span class='ocrx_word' id='word_1_167' title='bbox 263 1507 395 1544; x_wconf 82' lang='grc' dir='ltr'><em>ἑαυτὸν</em></span> <span class='ocrx_word' id='word_1_168' title='bbox 425 1506 594 1551; x_wconf 72' lang='grc' dir='ltr'><em>ἐπιδοὺς,</em></span> <span class='ocrx_word' id='word_1_169' title='bbox 634 1505 807 1546; x_wconf 78' lang='grc' dir='ltr'><em>κοινωνὸς</em></span> <span class='ocrx_word' id='word_1_170' title='bbox 838 1508 914 1542; x_wconf 87' lang='grc' dir='ltr'><em>τῶν</em></span> <span class='ocrx_word' id='word_1_171' title='bbox 944 1505 1040 1542; x_wconf 84' lang='grc' dir='ltr'><em>ὅλων</em></span> <span class='ocrx_word' id='word_1_172' title='bbox 1070 1509 1131 1550; x_wconf 85' lang='grc' dir='ltr'><em>τῆς</em></span> <span class='ocrx_word' id='word_1_173' title='bbox 1153 1509 1287 1552; x_wconf 87' lang='grc' dir='ltr'><em>βουλῆς</em></span> 
     </span>
     <span class='ocr_line' id='line_1_24' title="bbox 142 1567 1283 1616; baseline -0.004 -8"><span class='ocrx_word' id='word_1_174' title='bbox 142 1572 256 1608; x_wconf 84' lang='grc' dir='ltr'><em>αὐτοῦ</em></span> <span class='ocrx_word' id='word_1_175' title='bbox 280 1573 427 1616; x_wconf 83' lang='grc' dir='ltr'><em>γένηται</em></span> <span class='ocrx_word' id='word_1_176' title='bbox 453 1567 664 1614; x_wconf 77' lang='grc' dir='ltr'><em>δογμάτων.</em></span> <span class='ocrx_word' id='word_1_177' title='bbox 711 1571 778 1608; x_wconf 80' lang='grc' dir='ltr'><em>Εἲς</em></span> <span class='ocrx_word' id='word_1_178' title='bbox 801 1569 840 1604; x_wconf 79' lang='grc' dir='ltr'><em>δὲ</em></span> <span class='ocrx_word' id='word_1_179' title='bbox 865 1567 907 1603; x_wconf 82' lang='grc' dir='ltr'><em>τὰ</em></span> <span class='ocrx_word' id='word_1_180' title='bbox 934 1570 1019 1614; x_wconf 89' lang='grc' dir='ltr'><em>περὶ</em></span> <span class='ocrx_word' id='word_1_181' title='bbox 1042 1570 1115 1604; x_wconf 86' lang='grc' dir='ltr'><em>τῶν</em></span> <span class='ocrx_word' id='word_1_182' title='bbox 1139 1571 1283 1614; x_wconf 82' lang='grc' dir='ltr'><em>ψυχῶν,</em></span> 
     </span>
     <span class='ocr_line' id='line_1_25' title="bbox 144 1629 1286 1676; baseline -0.005 -7"><span class='ocrx_word' id='word_1_183' title='bbox 144 1634 211 1670; x_wconf 84' lang='grc' dir='ltr'><em>οὐκ</em></span> <span class='ocrx_word' id='word_1_184' title='bbox 237 1631 351 1671; x_wconf 67' lang='grc' dir='ltr'><em>ἄλλως</em></span> <span class='ocrx_word' id='word_1_185' title='bbox 377 1631 597 1676; x_wconf 72' lang='grc' dir='ltr'><em>δυναμένων</em></span> <span class='ocrx_word' id='word_1_186' title='bbox 620 1633 683 1674; x_wconf 85' lang='grc' dir='ltr'><em>τῆς</em></span> <span class='ocrx_word' id='word_1_187' title='bbox 706 1629 924 1674; x_wconf 85' lang='grc' dir='ltr'><em>τελειότητος</em></span> <span class='ocrx_word' id='word_1_188' title='bbox 946 1634 1070 1675; x_wconf 82' lang='grc' dir='ltr'><em>τυχεῖν</em></span> <span class='ocrx_word' id='word_1_189' title='bbox 1088 1632 1202 1675; x_wconf 82' lang='grc' dir='ltr'><em>χωρὶς</em></span> <span class='ocrx_word' id='word_1_190' title='bbox 1225 1632 1286 1673; x_wconf 82' lang='grc' dir='ltr'><em>τῆς</em></span> 
     </span>
     <span class='ocr_line' id='line_1_26' title="bbox 141 1691 1284 1739; baseline -0.005 -8"><span class='ocrx_word' id='word_1_191' title='bbox 141 1698 319 1734; x_wconf 85' lang='grc' dir='ltr'><em>πλουσίας</em></span> <span class='ocrx_word' id='word_1_192' title='bbox 343 1695 404 1728; x_wconf 86' lang='grc' dir='ltr'><em>καὶ</em></span> <span class='ocrx_word' id='word_1_193' title='bbox 429 1696 549 1739; x_wconf 79' lang='grc' dir='ltr'><em>σοφῆς</em></span> <span class='ocrx_word' id='word_1_194' title='bbox 572 1695 657 1739; x_wconf 87' lang='grc' dir='ltr'><em>περὶ</em></span> <span class='ocrx_word' id='word_1_195' title='bbox 681 1694 770 1728; x_wconf 86' lang='grc' dir='ltr'><em>θεοῦ</em></span> <span class='ocrx_word' id='word_1_196' title='bbox 798 1692 987 1736; x_wconf 76' lang='grc' dir='ltr'><em>ἀληθείας,</em></span> <span class='ocrx_word' id='word_1_197' title='bbox 1014 1691 1057 1726; x_wconf 83' lang='grc' dir='ltr'><em>τὰ</em></span> <span class='ocrx_word' id='word_1_198' title='bbox 1080 1694 1165 1736; x_wconf 87' lang='grc' dir='ltr'><em>περὶ</em></span> <span class='ocrx_word' id='word_1_199' title='bbox 1193 1693 1284 1727; x_wconf 85' lang='grc' dir='ltr'><em>θεοῦ</em></span> 
     </span>
     <span class='ocr_line' id='line_1_27' title="bbox 143 1753 1284 1803; baseline -0.005 -10"><span class='ocrx_word' id='word_1_200' title='bbox 143 1759 352 1803; x_wconf 79' lang='grc' dir='ltr'><em>ἀναγκαίως</em></span> <span class='ocrx_word' id='word_1_201' title='bbox 376 1753 424 1794; x_wconf 78' lang='grc' dir='ltr'><em>ὦς</em></span> <span class='ocrx_word' id='word_1_202' title='bbox 446 1754 711 1801; x_wconf 81' lang='grc' dir='ltr'><em>προηγούμενα</em></span> <span class='ocrx_word' id='word_1_203' title='bbox 733 1757 916 1798; x_wconf 83' lang='grc' dir='ltr'><em>τέτακται,</em></span> <span class='ocrx_word' id='word_1_204' title='bbox 942 1756 1004 1788; x_wconf 75' lang='grc' dir='ltr'><em>καὶ</em></span> <span class='ocrx_word' id='word_1_205' title='bbox 1030 1755 1094 1788; x_wconf 86' lang='grc' dir='ltr'><em>τοῦ</em></span> <span class='ocrx_word' id='word_1_206' title='bbox 1118 1765 1284 1799; x_wconf 87' lang='grc' dir='ltr'><em>μονογε-</em></span> 
     </span>
     <span class='ocr_line' id='line_1_28' title="bbox 144 1813 1284 1863; baseline -0.005 -8"><span class='ocrx_word' id='word_1_207' title='bbox 144 1823 228 1860; x_wconf 79' lang='grc' dir='ltr'><em>νοῦς</em></span> <span class='ocrx_word' id='word_1_208' title='bbox 260 1818 389 1854; x_wconf 81' lang='grc' dir='ltr'><em>αὐτοῦ·</em></span> <span class='ocrx_word' id='word_1_209' title='bbox 423 1820 532 1857; x_wconf 87' lang='grc' dir='ltr'><em>ποίας</em></span> <span class='ocrx_word' id='word_1_210' title='bbox 556 1818 632 1852; x_wconf 74' lang='grc' dir='ltr'><em>ἐστὶ</em></span> <span class='ocrx_word' id='word_1_211' title='bbox 657 1815 820 1863; x_wconf 84' lang='grc' dir='ltr'><em>φύσεως,</em></span> <span class='ocrx_word' id='word_1_212' title='bbox 854 1819 916 1851; x_wconf 84' lang='grc' dir='ltr'><em>καὶ</em></span> <span class='ocrx_word' id='word_1_213' title='bbox 940 1820 1021 1851; x_wconf 88' lang='grc' dir='ltr'><em>τίνα</em></span> <span class='ocrx_word' id='word_1_214' title='bbox 1045 1813 1185 1863; x_wconf 90' lang='grc' dir='ltr'><em>τρόπον</em></span> <span class='ocrx_word' id='word_1_215' title='bbox 1208 1813 1284 1854; x_wconf 81' lang='grc' dir='ltr'><em>υἱὸς</em></span> 
     </span>
    </p>
   </div>
   <div class='ocr_carea' id='block_1_3' title="bbox 141 1995 1282 2177">
    <p class='ocr_par' dir='ltr' id='par_1_4' title="bbox 141 1995 1282 2177">
     <span class='ocr_line' id='line_1_29' title="bbox 236 1995 1282 2042; baseline 0.001 -13"><span class='ocrx_word' id='word_1_216' title='bbox 236 1997 268 2041; x_wconf 89' lang='lat'><em>¹)</em></span> <span class='ocrx_word' id='word_1_217' title='bbox 295 1995 352 2030; x_wconf 85' lang='lat' dir='ltr'><em>Sic</em></span> <span class='ocrx_word' id='word_1_218' title='bbox 386 1997 468 2031; x_wconf 86' lang='lat' dir='ltr'><strong>Mss.</strong></span> <span class='ocrx_word' id='word_1_219' title='bbox 498 1997 613 2032; x_wconf 84' lang='lat' dir='ltr'>Tarin.</span> <span class='ocrx_word' id='word_1_220' title='bbox 649 2010 730 2030; x_wconf 85' lang='lat' dir='ltr'>vero</span> <span class='ocrx_word' id='word_1_221' title='bbox 768 1997 902 2042; x_wconf 84' lang='lat' dir='ltr'>(itemq.</span> <span class='ocrx_word' id='word_1_222' title='bbox 926 1995 1069 2041; x_wconf 86' lang='lat' dir='ltr'><strong>Spenc.)</strong></span> <span class='ocrx_word' id='word_1_223' title='bbox 1100 1996 1192 2041; x_wconf 82' lang='grc' dir='ltr'><em>Περὶ</em></span> <span class='ocrx_word' id='word_1_224' title='bbox 1223 1996 1282 2039; x_wconf 81' lang='grc' dir='ltr'><em>τῆς</em></span> 
     </span>
     <span class='ocr_line' id='line_1_30' title="bbox 141 2043 436 2085; baseline 0 -10"><span class='ocrx_word' id='word_1_225' title='bbox 141 2045 271 2085; x_wconf 80' lang='grc' dir='ltr'><em>λοιπῆς</em></span> <span class='ocrx_word' id='word_1_226' title='bbox 294 2045 369 2076; x_wconf 83' lang='grc' dir='ltr'><em>κτλ.</em></span> <span class='ocrx_word' id='word_1_227' title='bbox 395 2043 436 2075; x_wconf 91' lang='lat' dir='ltr'><em>R.</em></span> 
     </span>
     <span class='ocr_line' id='line_1_31' title="bbox 161 2094 1280 2174; baseline 0 -44"><span class='ocrx_word' id='word_1_228' title='bbox 161 2142 172 2174; x_wconf 71' lang='lat' dir='ltr'>l</span> <span class='ocrx_word' id='word_1_229' title='bbox 234 2098 269 2154; x_wconf 57' lang='grc' dir='ltr'><em>ἶ)</em></span> <span class='ocrx_word' id='word_1_230' title='bbox 295 2097 463 2131; x_wconf 79' lang='lat' dir='ltr'>Ta1·in.in</span> <span class='ocrx_word' id='word_1_231' title='bbox 482 2099 589 2131; x_wconf 81' lang='lat' dir='ltr'><strong>notis:</strong></span> <span class='ocrx_word' id='word_1_232' title='bbox 615 2097 790 2142; x_wconf 84' lang='lat' dir='ltr'>„Uterque</span> <span class='ocrx_word' id='word_1_233' title='bbox 811 2097 928 2131; x_wconf 85' lang='lat' dir='ltr'><strong>Codex</strong></span> <span class='ocrx_word' id='word_1_234' title='bbox 945 2095 1096 2129; x_wconf 79' lang='lat' dir='ltr'><strong>Thuani:</strong></span> <span class='ocrx_word' id='word_1_235' title='bbox 1120 2094 1280 2136; x_wconf 80' lang='grc' dir='ltr'><em>κάκεῖνο,</em></span> 
     </span>
     <span class='ocr_line' id='line_1_32' title="bbox 142 2155 391 2177; baseline 0.004 -2"><span class='ocrx_word' id='word_1_236' title='bbox 142 2156 158 2175; x_wconf 78' lang='grc' dir='ltr'><em>ει</em></span> <span class='ocrx_word' id='word_1_237' title='bbox 177 2168 183 2176; x_wconf 95' lang='grc'><em>.</em></span> <span class='ocrx_word' id='word_1_238' title='bbox 209 2155 391 2177; x_wconf 54' lang='lat' dir='ltr'><em>meneutam«</em></span> 
     </span>
    </p>
   </div>
   <div class='ocr_carea' id='block_1_4' title="bbox 232 2197 1279 2354">
    <p class='ocr_par' dir='ltr' id='par_1_5' title="bbox 232 2197 1279 2354">
     <span class='ocr_line' id='line_1_33' title="bbox 233 2197 1279 2244; baseline -0.001 -14"><span class='ocrx_word' id='word_1_239' title='bbox 233 2198 268 2242; x_wconf 85' lang='lat'><em>³)</em></span> <span class='ocrx_word' id='word_1_240' title='bbox 293 2197 380 2230; x_wconf 84' lang='lat' dir='ltr'><strong>Edd.</strong></span> <span class='ocrx_word' id='word_1_241' title='bbox 396 2198 509 2232; x_wconf 74' lang='lat' dir='ltr'>Tarin.</span> <span class='ocrx_word' id='word_1_242' title='bbox 528 2208 562 2232; x_wconf 78' lang='lat' dir='ltr'><em>et</em></span> <span class='ocrx_word' id='word_1_243' title='bbox 575 2200 699 2244; x_wconf 85' lang='lat' dir='ltr'>Spenc.</span> <span class='ocrx_word' id='word_1_244' title='bbox 713 2200 995 2244; x_wconf 82' lang='grc' dir='ltr'><em>ΙῙαρατηρητέον</em></span> <span class='ocrx_word' id='word_1_245' title='bbox 1019 2197 1059 2232; x_wconf 79' lang='grc' dir='ltr'><em>δὲ</em></span> <span class='ocrx_word' id='word_1_246' title='bbox 1077 2197 1117 2232; x_wconf 72' lang='grc' dir='ltr'><em>ἐκ</em></span> <span class='ocrx_word' id='word_1_247' title='bbox 1133 2197 1194 2240; x_wconf 83' lang='grc' dir='ltr'><em>τῆς</em></span> <span class='ocrx_word' id='word_1_248' title='bbox 1206 2197 1279 2230; x_wconf 82' lang='grc' dir='ltr'><em>κτλ.</em></span> 
     </span>
     <span class='ocr_line' id='line_1_34' title="bbox 232 2252 1279 2298; baseline -0.003 -12"><span class='ocrx_word' id='word_1_249' title='bbox 232 2254 267 2298; x_wconf 75' lang='lat'><em>⁴)</em></span> <span class='ocrx_word' id='word_1_250' title='bbox 294 2254 364 2288; x_wconf 76' lang='lat' dir='ltr'>efr.</span> <span class='ocrx_word' id='word_1_251' title='bbox 382 2254 561 2295; x_wconf 66' lang='lat' dir='ltr'>Romxt,</span> <span class='ocrx_word' id='word_1_252' title='bbox 579 2255 611 2289; x_wconf 86' lang='lat'><em>4.</em></span> <span class='ocrx_word' id='word_1_253' title='bbox 636 2255 715 2288; x_wconf 70' lang='lat'><em>0011.</em></span> <span class='ocrx_word' id='word_1_254' title='bbox 742 2253 988 2295; x_wconf 79' lang='lat' dir='ltr'>IRegg.X1X‚</span> <span class='ocrx_word' id='word_1_255' title='bbox 1013 2252 1067 2288; x_wconf 83' lang='lat'><em>18.</em></span> <span class='ocrx_word' id='word_1_256' title='bbox 1079 2252 1146 2297; x_wconf 90' lang='lat'><em>(111</em></span> <span class='ocrx_word' id='word_1_257' title='bbox 1159 2252 1279 2295; x_wconf 81' lang='lat' dir='ltr'>Regg.)</span> 
     </span>
     <span class='ocr_line' id='line_1_35' title="bbox 234 2304 1198 2354; baseline -0.004 -11"><span class='ocrx_word' id='word_1_258' title='bbox 234 2310 267 2354; x_wconf 82' lang='lat'><em>⁵)</em></span> <span class='ocrx_word' id='word_1_259' title='bbox 292 2309 350 2343; x_wconf 90' lang='lat' dir='ltr'><em>Sic</em></span> <span class='ocrx_word' id='word_1_260' title='bbox 373 2309 454 2344; x_wconf 88' lang='lat' dir='ltr'>Mss.</span> <span class='ocrx_word' id='word_1_261' title='bbox 479 2309 594 2344; x_wconf 84' lang='lat' dir='ltr'>Tarin.</span> <span class='ocrx_word' id='word_1_262' title='bbox 619 2322 700 2343; x_wconf 85' lang='lat' dir='ltr'>vero</span> <span class='ocrx_word' id='word_1_263' title='bbox 727 2309 859 2353; x_wconf 82' lang='lat' dir='ltr'>(itemq.</span> <span class='ocrx_word' id='word_1_264' title='bbox 884 2309 1025 2353; x_wconf 80' lang='lat' dir='ltr'>Spenc.)</span> <span class='ocrx_word' id='word_1_265' title='bbox 1049 2304 1131 2342; x_wconf 85' lang='grc' dir='ltr'><em>ὑπό.</em></span> <span class='ocrx_word' id='word_1_266' title='bbox 1155 2307 1198 2339; x_wconf 83' lang='lat' dir='ltr'><em>R.</em></span> 
     </span>
    </p>
   </div>
  </div>
 </body>
</html>
