1404 2463
136 83 175 116 14
518 83 710 116 PROLOGUS
736 82 868 114 Rufum.

135 183 224 210 tum,
249 184 309 215 per
333 171 448 211 illum,
481 172 537 216 qui
560 182 772 216 praeparatus
798 182 862 210 cst,
896 170 1032 203 diaholo
1068 179 1101 201 et
1131 169 1254 210 angelis

137 229 250 276 ejus¹)
274 243 445 265 aeternum
477 233 603 274 ignem:
640 234 732 277 sic2)
766 246 834 265 non
865 233 960 264 illum
987 232 1099 263 locum
1123 240 1256 263 aeterna

136 294 337 327 haereditate
361 295 540 338 possideat,
564 296 620 327 ubi
648 306 694 328 est
719 296 813 328 fletus
838 305 869 327 et
893 294 1016 326 stridor
1040 292 1200 331 dentium,
1226 301 1257 324 et

136 357 195 389 ubi
216 356 299 398 ignis
331 368 447 388 eorum
479 369 549 389 non
575 356 814 398 exstinguetur,
850 366 880 387 ot
905 354 1024 387 vermis
1049 366 1166 386 eorum
1189 365 1257 385 uon

137 419 317 451 morietur:
348 419 433 462 ne3)
474 419 571 450 addat
603 418 731 462 aliquid
762 418 973 461 Scripturae,
1009 428 1050 448 ne
1063 415 1095 459 ὃ)
1120 415 1287 463 πῖθι-ειη.

135 492 177 512 ne
200 480 340 521 inserat,
372 491 412 511 ne
438 479 612 520 immutet,
648 480 705 512 sed
731 481 882 512 conserat
908 492 982 511 cum
1013 475 1258 521 exemplaribus

136 542 226 574 unde
250 541 474 585 scripserit,⁵)
501 551 532 573 et
557 542 711 574 emendet
735 542 775 573 ad
800 541 929 573 literam
956 549 986 572 et
1012 539 1199 581 distinguat,
1225 546 1258 570 et

137 602 385 635 inemendatum
412 602 462 634 vel
479 601 513 646 6)
541 614 609 634 non
633 602 826 634 distinctum
851 601 1003 634 codicem
1027 614 1096 633 nou
1122 602 1258 641 habeat;

135 676 178 696 ne
200 676 356 696 sensuum
380 663 577 703 difficultas,
600 663 627 696 si
653 663 825 696 distinctus
851 664 956 696 codex
978 675 1046 695 non
1070 662 1130 702 sit,
1154 661 1258 707 majo·

137 738 188 758 res
213 725 429 758 obscuritates
455 725 638 768 legentibus
663 735 807 767 generet.

232 877 265 920 ¹)
288 876 443 909 Max-fian.
468 875 577 920 (Opp.
602 875 740 907 Hieron.
765 875 863 907 Tom.
880 876 955 919 IV.)
983 875 1097 907 »suis«

227 933 263 976 ²)
286 932 440 965 Martian.
464 932 576 976 (Opp.
599 931 738 964 Hieron.
763 931 860 965 Tom.
875 931 946 975 IV.)
973 930 1049 964 »si«

229 988 263 1032 ³)
288 988 441 1021 Manian.
459 986 566 1030 (Opp.
592 986 730 1018 Hieron.
756 986 855 1019 Tom.
870 987 947 1030 IV.)
973 1000 1033 1019 »ne
1058 987 1139 1031 quid
1160 986 1259 1019 addat

137 1033 265 1078 aliquid
289 1032 514 1076 Scripturae.«
548 1032 683 1064 Merlin.
720 1040 753 1063 et
783 1031 988 1065 Genebrard.
1012 1032 1143 1076 (itemq.
1167 1032 1258 1064 Mar-

137 1079 214 1112 tian.
246 1078 338 1122 Opp.
370 1078 509 1110 Hieron.
542 1076 640 1108 Tom.
666 1076 723 1120 V.)
760 1088 821 1108 »ne
851 1077 951 1109 addat
988 1076 1117 1121 aliquid
1147 1075 1255 1110 huie«

137 1124 205 1158 Sed
231 1136 344 1155 omnes
367 1123 449 1155 Mss.
475 1131 511 1153 ut
534 1121 567 1153 in
591 1130 706 1153 nostro
730 1130 831 1153 textu.
855 1122 886 1154 R

229 1180 263 1223 ⁴)
287 1178 421 1211 Mcrlin.
448 1186 480 1209 et
504 1177 709 1209 Genebrard.
737 1190 818 1209 »nec
841 1178 984 1218 auferat,
1007 1191 1073 1211 neu
1095 1177 1261 1217 immutet,

138 1225 215 1258 sed«
242 1233 304 1257 etc.
351 1223 559 1265 Sed10mnes
582 1222 663 1255 Mss.
687 1231 724 1253 ut
747 1222 910 1255 innostro
928 1232 1029 1257 textu.
1046 1223 1086 1255 R.
1105 1242 1148 1248 —
1171 1223 1258 1255 Edd.

138 1268 290 1302 Merlini:
319 1280 402 1299 »neu
427 1268 564 1306 auferat,
588 1279 629 1298 ne
653 1266 783 1306 inferat,
808 1279 874 1300 neu
897 1267 1067 1309 immutet,
1093 1268 1170 1301 sed«
1197 1277 1259 1300 etc.

230 1325 266 1367 ⁵)
290 1323 423 1356 Merlin.
449 1331 480 1354 et
506 1321 711 1355 Genebrard.
731 1323 1022 1368 »conscripserat.«
1062 1323 1128 1357 Sed
1143 1335 1257 1356 omnes

137 1370 216 1403 Mss.
241 1378 279 1401 ut
300 1369 335 1401 in
359 1377 475 1400 nostro
499 1376 600 1401 textu.
624 1367 665 1399 R.

229 1425 263 1470 ⁶)
289 1424 426 1458 Merlin.
467 1433 499 1456 et
535 1423 740 1456 Genebrard.
783 1423 856 1456 »vel
891 1423 1123 1457 indistinctum
1155 1423 1259 1458 Codi-

139 1484 234 1505 cem«
263 1479 324 1504 etc.
371 1470 439 1504 Sed
463 1481 578 1502 omnes
602 1469 680 1502 Mss.
705 1477 742 1500 ut
765 1467 799 1501 in
823 1478 937 1502 nostro
961 1478 1063 1503 textu.
1088 1469 1128 1502 R.
