1404 2463
386 98 429 120 or.
457 88 650 120 PmNcwus
676 88 786 119 Lmen
811 86 869 119 ΙΙΙ.
1134 87 1196 121 351

77 176 275 220 obsequium
301 177 444 216 munde,
471 186 502 209 et
527 175 576 208 his
600 174 788 218 animabus,
819 188 902 220 quae
928 176 971 207 ob
996 176 1117 208 nimios
1143 177 1200 208 de·

74 239 181 270 fectus
205 237 326 270 ruentis
351 236 566 270 crassioribus
590 235 660 268 istis
678 238 707 279 ¹)
733 245 765 268 et
790 236 1010 269 solidioribus
1029 237 1199 279 indiguere

74 299 284 344 corporibus,
318 307 352 331 et
375 307 516 343 propter
539 310 608 339 eos,
642 297 761 341 quibus
786 299 850 330 hoc
876 307 944 330 erat
967 299 1200 339 necessarium,

75 362 219 393 muudus
249 360 310 393 iste
343 359 442 392 etiam
475 358 615 391 visibilis
643 358 814 391 institutus
847 368 904 392 est.
954 359 1000 391 Ex
1031 359 1095 392 hoc
1121 373 1197 402 ergo

75 421 299 455 communiter
329 420 480 453 omnium
511 433 572 464 per
596 420 679 452 hanc
702 419 971 462 significantiam,
1008 419 1041 452 id
1068 430 1115 453 est
1140 435 1200 465 per

73 482 296 527 καταβολήν,
327 495 343 514 a
374 482 604 526 superioribus
634 482 676 514 ad
706 481 866 514 inferiora
898 482 1029 514 videtur
1060 481 1200 514 indicari

74 545 244 578 deductio.
291 544 442 587 Spem=²)
467 556 542 575 sane
569 542 730 575 libertatis
753 543 907 576 universa
933 553 1080 576 creatura
1106 543 1199 585 gerit,

72 616 108 639 ut
132 618 149 638 a
178 603 344 638 servitutis
376 604 594 648 corruptione
626 604 805 644 liberetur,
842 617 917 636 cum
942 604 1004 636 filii
1027 604 1111 643 Dei,
1143 604 1200 649 qui

72 668 128 699 vel>
148 665 316 711 prolapsi,
351 666 404 697 vel
429 657 616 710 di‘spersi3)
641 674 735 705 sunt,
770 665 804 697 in
838 679 940 698 unum
971 665 1095 698 fuerint
1120 679 1200 698 con-

70 728 204 770 gregati,
229 727 283 759 vel
309 740 384 759 cum
410 736 519 759 cetera
545 727 655 759 officia
681 727 887 771 expleverint
910 727 945 759 in
970 728 1035 759 hoc
1058 728 1198 766 mundo,

71 801 155 834 quae
184 788 278 821 solus
303 789 480 834 cognoscit
506 789 656 821 omnium
682 789 799 821 artifex
823 790 927 821 Deus.
975 789 1091 821 Talem
1118 801 1197 821 vero

69 864 107 884 ac
138 859 266 883 tantum
302 851 488 894 putandum
522 859 571 882 est
600 851 724 883 factum
752 863 821 883 esse
845 851 1026 890 muudum,
1064 850 1121 894 qui
1146 850 1199 882 vel

71 925 188 947 omnes
212 924 266 945 eas
290 911 433 952 animas,
470 924 554 956 quae
579 911 612 944 in
638 914 703 945 hoc
727 913 854 944 mundo
879 920 1020 945 statutae
1043 920 1119 944 sunt
1144 924 1198 944 ex·

71 973 188 1014 erceri,
212 982 358 1018 caperet,
383 973 436 1005 vel
462 986 577 1006 ornnes
602 986 654 1006 eas
682 973 830 1012 virtutes,
855 986 937 1017 quae
961 974 1074 1005 adesse
1092 973 1142 1013 iis,
1166 983 1199 1005 et

69 1035 258 1080 dispensare
291 1047 344 1067 eas
375 1047 413 1066 ac
443 1034 554 1080 juvare
586 1044 718 1079 paratae
742 1044 829 1069 sunt.
877 1034 1029 1079 Unius4)
1054 1047 1197 1078 namque

69 1106 204 1129 naturae
235 1108 304 1128 esse
339 1108 454 1128 omnes
485 1095 700 1129 rationabiles
726 1106 909 1137 creaturas,
949 1109 987 1128 ex
1012 1095 1124 1128 multis
1149 1108 1197 1128 as-

68 1157 272 1191 sertionibus
298 1158 557 1202 comprobatur:
582 1171 645 1202 per
669 1158 760 1202 quod
785 1158 895 1190 solum
921 1156 986 1189 Dei
1011 1157 1137 1201 justitia
1160 1157 1196 1189 in

70 1219 229 1252 omuibus
257 1231 369 1251 earum
383 1219 416 1263 ⁵)
449 1219 750 1263 dispensationibus
782 1218 919 1251 defendi
949 1227 1078 1262 potest,
1116 1218 1196 1250 dum

69 1293 286 1326 unaquaeque
317 1280 350 1312 in
380 1289 486 1312 semet
516 1279 586 1324 ipsa
619 1280 718 1313 habet
741 1293 869 1319 causas,
902 1280 995 1323 quod
1008 1280 1041 1324 ὃ·)
1063 1279 1099 1311 in
1122 1279 1197 1319 illo,

68 1342 122 1374 vel
146 1341 180 1373 in
204 1341 265 1373 illo
291 1340 377 1373 vitae
402 1341 520 1373 ordine
544 1344 654 1385 posita
677 1342 730 1374 sit.

156 1403 189 1437 5.
237 1403 331 1435 Hanc
371 1402 496 1446 erg07)
529 1402 786 1446 dispositionem
819 1401 902 1441 Dei,
943 1415 1040 1447 quam
1080 1411 1196 1447 postea

68 1463 251 1503 ordinavit,
292 1463 356 1509 jam
388 1472 466 1496 tunc
496 1465 537 1496 ab
569 1463 696 1506 origine
727 1463 843 1496 mundi
867 1463 1052 1496 rationibus
1078 1464 1197 1496 causis-

68 1539 133 1571 que
157 1525 341 1570 perspectis
365 1537 495 1566 eorum,
529 1525 586 1569 qui
611 1524 664 1557 vel
690 1538 753 1570 pro
779 1525 912 1557 defectu
937 1525 1059 1557 mentis
1084 1525 1196 1557 venire

66 1588 100 1620 in
127 1600 269 1632 corpora
294 1588 518 1627 merebantur,
544 1587 596 1619 vel
622 1599 752 1629 eorum,
779 1586 835 1631 qui
861 1586 1040 1619 visibilium
1065 1587 1190 1631 cupidi-

65 1658 134 1682 tate
156 1650 388 1693 raptabantur,
412 1648 470 1681 sed
496 1657 529 1681 et
550 1648 708 1691 illorum,
743 1647 800 1692 qui
825 1648 876 1680 vel
902 1647 1116 1691 volentes,⁸)
1142 1648 1194 1680 vel

163 1778 194 1820 ¹)
219 1777 324 1809 Deest
349 1776 460 1817 „istis“
486 1776 519 1809 in
546 1777 623 1810 edd.
648 1775 695 1809 Μ.

159 1834 193 1876 ²)
221 1832 289 1865 Cfr.
317 1832 415 1865 Rom.
442 1832 531 1871 Vlll,
553 1832 608 1866 21.
634 1832 712 1864 coll.
742 1831 792 1866 19.

159 1889 193 1931 3)
219 1888 287 1921 Cfr.
313 1888 364 1920 ed.
388 1888 516 1932 Redep.
541 1900 614 1932 pag..
639 1887 714 1922 311.
739 1897 809 1922 not.
833 1888 888 1922 25.

159 1943 193 1987 ⁴)
219 1944 288 1977 Cfr.
313 1943 370 1977 lib.
389 1944 429 1976 ll.
455 1943 687 1985 Origenianor.
713 1952 837 1988 quaest.
855 1945 893 1977 V.
917 1956 1009 1976 num.
1029 1943 1080 1978 11.
1106 1942 1193 1989 (16.)

69 1989 146 2022 coll.
174 1989 225 2021 ed.
251 1989 380 2032 Redep.
404 2001 478 2032 pag.
504 1988 581 2024 312.
606 1997 676 2021 not.
696 1988 727 2023 3.

160 2044 193 2088 5)
219 2045 267 2076 lta
295 2043 374 2076 Mss.
398 2044 492 2076 Editi
515 2052 628 2076 autem
651 2044 697 2088 (v.
724 2057 750 2078 c.
777 2045 853 2077 edd.
871 2045 940 2089 M.)
968 2047 1138 2086 „eorum.“
1154 2045 1193 2076 R.

159 2099 192 2142 6)
217 2099 280 2132 Ed.
307 2100 355 2132 M.
382 2101 407 2134 Ι,
431 2113 625 2145 perperam:
660 2101 771 2145 »quod
802 2100 917 2140 nullo,
949 2101 1003 2132 vel
1036 2100 1069 2133 iu
1101 2100 1193 2132 bello

71 2143 155 2176 vitae
181 2143 319 2176 ordino-»⁶⁶
347 2154 409 2178 etc.
435 2147 473 2178 R.

160 2201 191 2243 7)
218 2199 274 2233 Sic
294 2201 372 2233 Mss.
390 2201 427 2232 ln
447 2200 545 2233 editis
567 2201 612 2246 (V.
632 2215 658 2235 c.
677 2202 752 2235 edd.
771 2202 836 2246 M.)
854 2201 946 2234 deest
971 2203 1106 2242 „ergo.“
1133 2201 1172 2232 R.

159 2257 193 2299 ⁵)
219 2256 275 2289 Sic
303 2257 379 2289 Mss.
405 2256 497 2289 Editi
524 2269 603 2289 vero
628 2260 676 2301 (v.
702 2271 728 2290 c.
749 2258 825 2291 edd.
845 2258 910 2302 M.)
938 2256 1138 2290 »nolentesu
1157 2257 1194 2288 R.
