1404 2463
379 102 423 124 DE
449 92 644 125 PfflNcwns
668 91 781 123 Lmen
807 91 866 122 ΙΙΙ.
1136 90 1201 125 337

70 184 145 216 dam
186 182 382 225 videatur1)
421 194 490 214 esse
522 179 660 213 carnalis
693 181 778 222 ac2)
812 179 994 211 materialis
1031 180 1205 224 sapientia,

69 244 134 277 alia
166 257 244 276 vero
275 244 318 277 sit
349 243 509 287 sapientia
544 241 728 274 secundum
761 240 932 285 spiritum,
971 254 1054 285 quac.
1087 242 1203 286 utique

69 318 138 339 non
162 314 275 350 potest
299 304 365 337 dici
389 303 570 348 sapientia,
595 302 658 335 nisi
683 302 725 334 sit
749 302 857 334 anima
883 302 1007 345 carnis,
1044 316 1127 347 quae
1152 317 1203 336 sa—

70 367 141 412 piat
170 367 235 399 hoc
268 367 358 411 quod
393 365 497 398 carnis
529 363 689 408 sapientia
726 363 930 398 nominatur.
986 364 1038 397 Ad
1072 364 1153 396 haec
1169 366 1202 407 ³)

71 429 163 462 aiunt
187 428 286 460 etiam
311 427 414 460 illud:
442 427 499 459 »Si
513 425 545 469 4)
572 437 648 457 caro
674 435 839 470 repugnat
864 427 1018 458 adversus
1035 425 1203 470 spiritum,

70 499 104 522 et
134 489 270 534 spiritus
302 489 459 521 adversus
492 499 646 526 carnem,
683 486 734 519 uti
757 499 825 519 non
852 500 936 532 quae
961 488 1119 519 volumus
1145 486 1204 519 illa

70 551 272 584 faciamus:«
306 562 391 595 quae
415 557 509 588 sunt,
534 549 575 581 de
601 548 723 592 quibus
748 548 849 584 dicim
885 549 999 592 »Ut⁵)
1023 562 1092 581 non
1118 562 1202 592 quae

71 613 224 645 volumus
247 610 455 644 saciamus?“
483 610 621 643 Certum
647 619 714 649 est,
739 609 852 649 aiunt,
877 611 965 653 dess)
990 610 1110 654 spiritu
1134 624 1202 643 non

73 672 158 715 dici3
193 686 260 705 non
285 672 373 705 enim
400 672 553 704 voluntas
578 670 716 715 spiritus
740 671 951 715 prohibetur.
1000 672 1069 705 Sed
1094 685 1203 717 neque

71 734 113 766 de
137 747 252 766 carne:
285 734 361 778 quia
388 734 413 766 si
440 746 507 766 non
523 732 633 776 ,habet
656 731 800 765 animam
825 733 1016 778 propriam,
1049 733 1119 766 sine
1145 735 1205 766 du-

69 794 126 827 bio
160 807 221 827 nec
245 795 455 827 voluntatem
480 794 634 835 habebit3
669 804 821 839 superest
847 808 944 837 ergo,
976 804 1014 827 ut
1037 796 1079 827 dc
1104 795 1201 840 hujus

69 856 197 889 animae
223 857 395 889 voluntate
422 856 562 895 dicatur,
588 856 718 900 quae7)
745 857 866 888 habere
890 866 1005 900 potest
1028 857 1202 902 propriam

71 918 290 958 voluntatem,
315 931 399 962 quae
424 918 538 962 utique
564 919 758 950 adversatur
783 917 945 950 voluntati
970 917 1116 962 spiritus.
1160 918 1203 950 Et

70 979 98 1011 si
127 979 173 1012 ita
185 980 219 1024 Θ)
245 989 313 1019 est,
346 989 474 1012 constat
505 981 597 1024 quod
629 979 725 1023 hujus
760 979 890 1012 animae
923 979 1078 1011 voluntas
1105 992 1204 1023 quae-

70 1041 146 1073 dam
180 1041 290 1074 media
303 1042 336 1086 ⁹)
362 1052 411 1074 est
435 1042 522 1074 inter
547 1054 679 1073 carnem
705 1050 739 1072 et
762 1040 935 1084 spiritum,
968 1040 1025 1072 uni
1050 1040 1120 1073 sine
1146 1042 1206 1073 du—

70 1102 128 1135 bio
155 1116 171 1135 e
196 1104 328 1136 duobus
353 1104 499 1136 serviens
523 1113 555 1135 et
581 1103 834 1146 obtemperans:
860 1102 1047 1147 cuicunque
1072 1103 1203 1135 obtem-

73 1177 190 1209 perare
215 1165 387 1207 delegerit.
436 1165 534 1208 Quae
550 1165 602 1209 ¹⁰)
629 1177 703 1197 cum
729 1178 763 1199 se
788 1163 1073 1197 delectationibus
1099 1164 1205 1197 carnis

74 1226 282 1268 subdiderit,
314 1227 461 1259 carnales
493 1227 646 1259 homines
670 1226 767 1259 sarit:
802 1239 878 1258 cum
902 1238 982 1258 vero
998 1226 1006 1245 ¹
1022 1226 1054 1268 ¹)
1080 1239 1114 1258 se
1138 1226 1206 1271 spi-

71 1287 150 1320 ritui
182 1287 344 1334 junxerit,
380 1289 412 1321 in
446 1289 564 1333 spiritu
596 1301 666 1321 esse
691 1287 845 1320 homines
871 1287 968 1327 facit,
1006 1297 1040 1320 et
1064 1297 1206 1333 propter

70 1348 137 1382 hoc
168 1349 358 1394 spirituales
390 1350 566 1383 nominari.
623 1349 797 1393 Quod¹²)
828 1348 1000 1390 designare
1031 1349 1206 1393 apostolus

74 1410 225 1451 videtur,
257 1425 333 1444 cum
367 1412 462 1445 dicit:
500 1412 658 1455 »Vos'³)
690 1419 801 1443 autem
833 1410 867 1442 in
901 1422 998 1442 carne
1024 1423 1091 1442 non
1119 1410 1206 1448 estis,

72 1473 130 1505 scd
158 1472 191 1505 in
215 1472 367 1518 spiritu.“

171 1586 201 1629 ¹)
227 1585 284 1618 Sic
310 1586 388 1618 Mss.
417 1585 507 1617 Alias
533 1587 579 1629 (v.
605 1597 632 1617 c.
658 1584 691 1616 in
718 1585 795 1617 edd.
822 1583 888 1627 M.)
915 1582 1140 1624 „videretur.“
1167 1585 1204 1617 R.

170 1642 204 1686 2)
228 1641 294 1673 Ed.
323 1641 370 1672 Μ.
397 1640 436 1672 ΙΙ.
462 1653 658 1685 perperam:
685 1644 755 1682 ,‚a.“
852 1640 886 1683 ³)
904 1639 991 1672 Edd.
1013 1640 1059 1673 M.
1085 1640 1205 1680 „hoc.“

171 1698 205 1740 Δ)
231 1697 301 1730 Cfr.
326 1696 400 1729 Gal.
426 1697 467 1736 V,
493 1697 545 1731 17.
657 1697 690 1740 ⁵)
716 1696 785 1730 Csr.
811 1695 886 1728 Gal.
911 1696 952 1735 V,
978 1694 1029 1729 17.

169 1751 204 1796 ⁶)
227 1751 321 1784 Libri
352 1752 431 1785 editi
467 1753 513 1797 (v.
540 1765 566 1785 c.
594 1753 668 1785 edd.
694 1751 765 1795 M.)
799 1752 862 1792 „de
895 1750 1026 1795 Spiritu
1060 1755 1209 1785 sanctoffl

81 1798 149 1831 Sed
174 1797 208 1829 in
231 1797 312 1829 Mss.
337 1798 430 1829 deest.
454 1807 599 1839 „sancta
605 1811 621 1826 «
649 1798 675 1830 R

173 1854 205 1896 ⁷)
233 1852 362 1885 Omissa
388 1861 463 1885 sunt
487 1853 520 1885 in
543 1863 638 1886 amca
664 1853 762 1885 editis
789 1853 835 1897 (v.
860 1866 887 1885 c.
914 1852 989 1885 edd.
1014 1852 1100 1896 M),
1132 1852 1210 1884 licet

79 1898 289 1943 reperiantur
313 1898 344 1930 in
370 1898 450 1930 Mss.
475 1900 594 1931 verba:
635 1911 718 1944 quae
752 1899 874 1930 habere
899 1906 1013 1942 potest
1035 1897 1210 1942 propriam

81 1945 299 1976 voluntatem.
304 1955 320 1969 «ι
347 1943 389 1976 R.

170 2000 204 2043 ⁸)
229 1999 285 2032 Sic
309 1999 388 2032 Mss.
415 1998 507 2031 Libri
534 1998 616 2031 editi
640 1999 687 2043 (V.
714 2012 741 2031 c.
767 1999 841 2031 edd.
867 1999 933 2042 M.)
959 1997 1069 2031 »i11a.“
1096 1999 1136 2031 R.

172 2055 205 2099 9)
233 2055 302 2087 Csr.
329 2056 383 2087 ed.
408 2056 537 2099 Redep.
562 2068 635 2099 pag.
661 2055 737 2090 301.
762 2063 833 2087 not.
859 2054 912 2089 27.

152 2112 206 2156 ¹⁰)
232 2112 300 2145 Cfr.
327 2112 380 2145 ed.
404 2111 535 2155 Redep.
559 2123 633 2155 pag.
658 2110 734 2146 301.
759 2119 830 2144 not.
855 2110 908 2144 29.

153 2168 207 2212 ¹¹)
232 2168 337 2200 Deest
363 2170 487 2208 ,‚ver0“
515 2166 548 2198 in
573 2167 648 2200 edd.
674 2165 724 2201 M.

154 2225 208 2267 ¹²)
232 2224 289 2257 Sic
314 2224 394 2256 Mss.
420 2223 511 2256 Alias
536 2223 582 2267 (v.
609 2236 636 2255 c.
660 2223 695 2256 in
723 2224 798 2256 edd.
816 2223 882 2268 Μ.)
909 2220 1025 2266 „Quid
1050 2235 1129 2264 ergo
1155 2222 1213 2254 de-

81 2270 227 2312 signare“
255 2278 317 2302 etc.
344 2270 382 2302 R.
505 2270 557 2313 ¹³)
582 2269 682 2301 Rom.
707 2269 798 2309 vm,
823 2268 854 2303 9.

125 2331 301 2365 Omonms
329 2330 456 2365 OPERA
480 2331 575 2365 ΤοΜ.
600 2331 692 2363 ΧΧΙ.
838 2320 842 2324 ”
969 2330 1011 2363 22
