1404 2463
211 91 276 126 176
683 90 858 123 Onffissms

208 181 371 226 omnes¹)
397 179 575 218 decidunt,
612 179 657 212 ita
689 189 725 212 ut
758 180 868 212 nullus
900 192 937 211 ex
970 179 1034 218 his,
1067 179 1123 223 qui
1158 179 1198 210 de
1231 180 1337 223 Aegy-

209 253 270 288 pto
297 243 428 275 fuerant
452 240 617 287 profecti,
652 241 884 285 inveniatur2)
909 250 1029 274 terram
1044 243 1078 285 ³)
1102 240 1336 285 repromissio—

208 305 259 337 nis
290 304 415 337 intrare
446 313 579 349 praeter
602 305 717 337 Jesum
750 314 781 336 et
806 304 966 347 Caleb.⁴)
1013 304 1066 336 De
1098 316 1188 336 novo
1224 312 1336 335 autem

209 367 425 400 Testamento
466 366 716 413 misericordiae
756 380 792 399 ac
828 365 961 410 pietatis
998 374 1197 407 congregant
1227 366 1337 403 verba,

211 429 331 473 quibus
354 442 371 461 a
397 428 573 461 Salvatore
600 428 757 472 discipuli
784 429 1025 466 informantur,
1057 437 1089 460 et
1113 428 1234 472 quibus
1259 439 1335 471 pro·

208 491 354 523 nuntiari
378 490 530 529 videtur,
571 491 646 534 quia
662 490 693 532 5)
730 503 829 521 nemo
862 491 902 522 sit
933 491 1041 521 bonus
1070 498 1204 533 praeter
1234 496 1337 521 unu'm

209 554 322 585 Deum
347 561 495 596 patrem:
532 561 564 583 et
597 565 656 595 per
681 552 745 583 hoc
770 552 839 584 ausi
864 561 941 584 sunt
965 552 1091 583 bonum
1119 551 1254 595 quidem
1279 564 1339 583 no—

210 615 337 647 minare
377 614 510 646 Patrem
548 613 732 646 Salvatoris
769 603 848 645 sesu
891 613 1030 652 Christi,
1079 613 1182 645 alium
1226 622 1337 645 autem

211 690 281 709 esse
308 676 426 709 dicunt
448 675 565 708 mundi
591 676 722 714 Deum,
747 689 846 719 quem
873 672 995 717 justum
1019 675 1074 715 iis,
1099 676 1211 716 non5)
1237 674 1336 707 etiam

211 739 338 770 bonum
363 737 490 781 placuit
514 737 696 781 appellare.

299 800 332 833 2.
381 801 411 832 A
436 799 555 842 quibus
578 799 689 842 primo
712 798 797 831 illud
822 800 1020 841 exigendum
1045 809 1147 844 puto,
1171 799 1197 831 si
1221 810 1340 831 secun·

210 863 291 894 dum
315 873 409 893 suam
439 860 669 892 definitionem
686 860 715 903 ⁷)
741 859 865 903 justum
896 870 1037 906 possunt
1061 862 1237 894 ostendere
1261 872 1341 892 con—

211 924 368 962 ditorem,
392 922 589 966 punientem
614 935 675 966 pro
701 922 827 955 meritis
854 924 905 955 vel
933 936 1000 963 eos,
1033 922 1091 968 qui
1116 922 1233 954 diluvii
1257 931 1342 954 tem-

211 998 295 1029 pore
317 984 510 1029 perierunt,
535 984 589 1015 vel
615 984 826 1025 sodomitas,
851 987 903 1018 vel
929 998 1005 1024 eos,
1042 984 1096 1029 qui
1123 998 1160 1017 ex
1186 987 1339 1030 Aegypto

211 1046 359 1091 profecti
395 1047 590 1088 fuerant,⁹)
626 1058 701 1077 curn
741 1045 912 1079 videamus
942 1047 1110 1079 interdum
1142 1046 1250 1078 multo
1284 1059 1340 1078 ne-

211 1108 340 1153 quiora,
366 1117 399 1139 et
422 1106 615 1140 scelestiora
639 1107 805 1141 committi
829 1109 964 1150 flagitia,
997 1121 1097 1154 quam
1122 1108 1245 1140 fuerint
1270 1107 1340 1144 illa.

211 1182 274 1213 pro
300 1169 420 1213 quibus
444 1168 495 1208 hi,
521 1181 606 1213 quos
630 1182 731 1213 supra
756 1170 912 1210 diximus,
938 1170 1106 1203 interemti
1131 1179 1224 1210 sunt,
1256 1182 1341 1202 non-

213 1230 338 1275 dum9)
371 1239 483 1262 tamen
516 1230 666 1263 videmus
703 1245 979 1277 unumquemque
1016 1233 1227 1277 peccantium
1259 1245 1341 1276 poe-

211 1305 286 1324 nam
311 1292 404 1323 luere
429 1291 646 1334 meritorum;
670 1295 911 1337 numquidnam
936 1296 1062 1326 bonum
1088 1294 1268 1338 dicent¹⁰)
1295 1294 1342 1325 ef—

211 1355 336 1386 fectum
364 1366 458 1391 eum,
495 1353 551 1397 qui
576 1354 756 1398 aliquando
781 1355 885 1400 justus
911 1355 1002 1388 erat?
1042 1358 1092 1388 An
1117 1355 1230 1400 potius
1254 1355 1341 1387 illud

210 1415 385 1459 putabunt,
411 1415 503 1458 quod
528 1414 631 1459 justus
658 1417 793 1460 quidem
821 1427 868 1449 est
893 1430 990 1456 nunc,
1017 1418 1074 1449 sed
1091 1418 1260 1461 patienter
1277 1418 1341 1449 fert

212 1478 358 1509 humana
391 1476 531 1515 delicta,
569 1486 648 1509 tunt:
683 1491 760 1509 vero
787 1491 847 1510 nec
870 1478 973 1524 justus
999 1479 1134 1522 quidem
1161 1487 1248 1516 crat,
1283 1480 1340 1522 qui

212 1539 408 1571 innocentes
436 1539 592 1581 parvulos
619 1549 650 1571 et
675 1540 833 1573 lactentes
858 1540 956 1572 simul
983 1553 1057 1572 cum
1083 1540 1284 1573 immanibus
1310 1549 1341 1572 et

310 1713 339 1755 ·)
365 1713 421 1746 Sic
447 1713 524 1745 mss.
552 1713 643 1744 Editi
669 1714 715 1756 (v.
742 1726 768 1744 c.
795 1714 870 1746 edd.
896 1714 962 1756 M.)
989 1701 1164 1746 »rnortui“
1192 1714 1232 1746 Ρ..

306 1769 340 1812 ²)
365 1769 429 1800 Ed.
455 1769 502 1801 M.
530 1769 554 1801 Ι.
581 1769 841 1801 »inveniantur.“

212 1868 218 1874 ,
305 1825 340 1867 3)
364 1824 455 1856 Libri
489 1824 569 1856 editi
601 1826 647 1869 (v,
680 1838 705 1857 c.
738 1825 812 1859 edd.
838 1826 907 1867 M.)
934 1835 1075 1867 „terram
1107 1827 1339 1871 promissionis

213 1879 380 1914 intrassem
409 1881 448 1914 Ρι.

306 1937 340 1979 ⁴)
366 1937 453 1969 Edd.
480 1937 525 1969 M.
554 1937 729 1982 »caleph«
828 1939 859 1982 ⁵)
884 1938 947 1973 Ed.
973 1939 1020 1972 Μ.
1046 1940 1087 1973 Π.
1114 1941 1258 1985 „quod-‘⁴

307 1994 341 2036 ⁵)
368 1994 416 2025 lta
443 1993 521 2026 Mss.
552 1993 642 2025 Libri
675 1994 756 2026 editi
788 1995 836 2037 (v.
862 2007 889 2027 c.
916 1995 992 2029 edd.
1019 1996 1085 2040 M.)
1111 2006 1165 2037 „et
1195 2010 1261 2029 non
1287 2011 1339 2030 so-

215 2049 283 2080 lum
308 2049 468 2080 bonum.«
495 2049 535 2080 R.

306 2105 338 2148 ⁷)
364 2104 426 2136 Ed.
452 2105 500 2138 M.
528 2105 549 2137 Ι.
577 2105 871 2139 ›1diffiniti0nem.“

307 2160 341 2202 ⁸)
366 2159 451 2192 Edd.
476 2160 524 2192 Μ.
552 2162 713 2196 ιιΐυεῐᾶῃῐ.
761 2163 829 2195 Sed
855 2176 929 2195 cum
957 2164 1145 2197 videamus«
1172 2175 1232 2197 etc.

309 2215 341 2258 9)
368 2215 451 2248 Edd.
479 2216 526 2248 M.
555 2226 606 2248 »et
629 2220 798 2251 nondum«
827 2229 888 2252 etc.

291 2272 342 2314 ¹⁰)
368 2271 423 2304 sic
452 2272 527 2304 Mss.
554 2272 644 2305 Editi
670 2276 716 2318 (v.
743 2289 771 2308 c.
798 2276 872 2309 edd.
899 2276 964 2319 M.)
993 2276 1160 2309 »dicunt.“
1188 2278 1223 2310 R.
