1404 2463
227 77 248 111 2
682 81 900 111 Anmom‘rm.

231 165 461 212 ραλογώτατα
494 168 553 200 καὶ
584 168 791 211 δυσσεβείας
823 167 959 213 πλήρη·
997 165 1295 212 μετεμψυχώσεις
1319 179 1353 201 τε

231 226 303 272 γὰρ
328 228 494 273 ληρωδεῖ,
534 230 593 260 καὶ
627 228 813 273 ἐμψύχους
844 228 924 266 τούς
958 228 1125 271 ἀστέρας,
1164 230 1223 261 καὶ
1253 227 1353 273 ἕτερα

232 289 369 327 Τούτοις
393 290 636 332 παραπλήσια.
676 287 774 324 ’Ἐστι
809 291 849 324 δὲ
882 289 899 324 ὁ
934 290 1002 333 μὲν
1026 290 1166 334 πρῶτος
1188 293 1356 333 μυθολο-

232 350 411 395 γούμενος
434 349 540 395 λόγος
564 353 646 396 περὶ
665 350 809 397 πατρὸς,
836 353 908 394 καὶ,
937 350 982 389 ὠς
1001 349 1136 388 ἐκεῖνός
1151 363 1251 396 φησι,
1274 353 1359 396 περὶ

234 414 405 457 Χριστοῦ,
432 415 492 446 καὶ
515 415 595 455 περὶ
623 412 729 458 ἁγίου
754 412 974 455 πνεύματος·
1009 414 1057 447 ἔτι
1092 414 1151 446 καὶ
1185 415 1357 456 περὶ,λο-

234 476 350 519 γικιῦν
373 473 529 520 φύσεων.
575 473 612 509 Ὁ
643 475 683 510 δὲ
715 474 879 519 δεύτερος
910 476 992 518 περὶ
1017 473 1176 518 κόσμου,
1203 476 1264 507 καὶ
1287 476 1358 508 τῶν

238 536 277 570 ἐν
310 534 403 580 αὐτῷ
436 535 658 579 κτισμάτων·
696 539 757 570 καὶ
787 538 854 580 ἔτι,
889 535 940 571 ὅτι
974 531 1022 575 εἷς
1051 535 1135 574 θεὸς
1160 533 1277 579 νόμου
1301 538 1361 569 καὶ

237 599 454 642 προφητῶν·
487 601 548 632 καὶ
582 597 632 632 ὅτι
667 597 685 633 ὀ
718 598 823 637 αὐτὸς
853 601 1008 637 παλαῑας
1038 599 1098 631 καὶ
1129 599 1253 640 καινῆς
1277 597 1360 631 δια-

239 658 350 703 θήκης
373 657 476 697 θεός·
501 662 561 693 καὶ
586 661 668 704 περὶ
691 662 751 702 τῆς
775 662 836 694 τοῦ
855 661 1013 706 σωτῆρος
1034 657 1361 705 ἕνανθρωπήσεως·

240 723 300 755 καὶ
326 719 378 755 ὅτι
401 719 440 755 τὸ
466 718 552 754 αὐτὸ
577 723 723 765 πνεῦμα
749 721 788 755 ἐν
805 724 939 756 ΝῙωσεῖ
952 722 1011 754 καὶ
1028 723 1102 759 τοῖς
1125 717 1245 760 ἄλλοις
1268 733 1363 765 προ-

240 781 370 828 φήταις
403 784 464 816 καὶ
493 781 612 826 ἁγίοις
644 776 868 821 ἀποστόλοις.
917 779 991 816 ”En
1017 784 1102 828 περὶ
1125 784 1255 827 ψυχῆς,
1281 785 1365 827 περὶ

241 841 487 887 ἀναστάσεως,
526 842 833 888 περὶγκολὰσεως,
869 846 953 890 περὶ
977 845 1217 889 ἐπαγγελιῶν.
1261 841 1298 878 Ὁ
1324 843 1365 878 δὲ

241 909 356 952 τρίτος
379 906 462 948 περὶ
487 905 736 944 αὐτεξουσίου·
772 907 848 944 πῶς
880 905 897 939 ὀ
924 904 1093 949 διάβολος
1118 906 1178 939 καὶ
1203 906 1241 939 αἱ
1265 904 1367 939 ἀντι-

241 969 405 1010 κείμεναι
436 965 609 1010 δυνάμεις
639 967 729 1001 κατὰ
767 967 828 1006 τάς
858 966 1006 1014 γραφεὶς
1036 966 1289 1012 στρατεύονται
1320 967 1369 1011 τῷ

243 1026 465 1073 ἀνθρωπίνῳ
495 1030 607 1070 γένει·
641 1027 693 1063 ὅτι
727 1027 873 1073 γενητὸς
905 1027 923 1062 ὁ
956 1027 1092 1073 κόσμος
1121 1029 1183 1063 καὶ
1207 1027 1370 1080 φθαρτὸς

244 1088 317 1124 ἀπὸ
344 1087 482 1134 χρόνου
521 1089 731 1136 ἀρξάμενος.
773 1089 810 1124 Ὁ
848 1090 888 1123 δὲ
920 1094 1083 1135 τέταρτος
1118 1091 1201 1134 περὶ
1229 1093 1367 1128 τέλους·

245 1148 295 1185 ὅτι
322 1154 419 1184 θεῖαι,
445 1152 481 1184 αἱ
505 1156 663 1198 γραφαί·
688 1155 796 1194 τέλος,
824 1149 920 1189 ὅπως
944 1153 1001 1186 δεῖ
1020 1149 1284 1196 ἀναγινώσκειν
1309 1154 1369 1185 καὶ

247 1216 345 1247 νοεῖν
369 1211 431 1250 τάς
454 1212 610 1257 γραφάς.

335 1272 366 1307 2.
391 1274 440 1305 Ex
466 1274 620 1306 omnibus
646 1287 749 1318 porro
768 1273 922 1315 Origenis
937 1274 1095 1317 operibus
1118 1274 1249 1306 nullum
1270 1274 1369 1306 fuisse

249 1336 340 1380 quod
372 1335 534 1382 majorem
567 1335 596 1367 ei
629 1336 805 1367 criminum
839 1335 999 1366 invidiam
1039 1335 1232 1375 concitarit,
1271 1348 1369 1379 quam

247 1397 335 1429 istud
359 1400 443 1442 περὶ
467 1396 607 1442 ἀρχῶν,
647 1406 684 1429 ut
713 1409 782 1429 non
814 1406 980 1429 constaret
1014 1398 1066 1428 vel
1101 1408 1138 1428 ex
1169 1396 1232 1428 boc
1257 1396 1371 1429 Photii

248 1457 454 1498 testimonio,
479 1467 591 1502 aperte
615 1458 739 1490 fatetur
761 1458 956 1502 Pamphilus
989 1467 1129 1505 martyr?
1144 1458 1178 1490 in
1205 1457 1371 1502 Apologia

248 1532 305 1553 sua
329 1533 392 1565 pro
417 1519 571 1562 Origene,
598 1519 655 1552 ubi
678 1519 741 1552 ait:
768 1519 988 1563 »incipientes
1012 1519 1113 1561 igitur
1134 1519 1266 1552 indiciis
1291 1519 1372 1552 scri—

247 1591 385 1626 ptorum
416 1593 553 1613 suorum
584 1582 760 1614 ostendere
793 1580 874 1626 quid
907 1581 947 1613 de
978 1580 1117 1622 singulis
1147 1581 1303 1621 senserit,
1334 1594 1372 1614 ex

250 1643 298 1675 his
322 1643 500 1687 praecipue
527 1642 619 1675 libris
643 1643 833 1676 testimonia
857 1642 1142 1684 congregabimus,
1167 1656 1251 1687 quos
1275 1656 1371 1675 accu-

250 1714 374 1737 satores
406 1703 474 1749 ejus
510 1717 608 1748 quam
639 1704 780 1737 maxime
804 1704 1036 1744 criminantur,
1060 1703 1096 1736 id
1120 1713 1179 1744 est,
1205 1717 1288 1748 quos
1311 1716 1373 1749 per

251 1765 395 1810 spatium
419 1775 452 1798 et
476 1765 624 1810 quietem
648 1766 682 1798 in
711 1775 840 1798 secreto
873 1764 1088 1809 conscripsit:
1118 1765 1179 1799 hos
1210 1765 1300 1798 enim
1323 1779 1373 1799 as-

251 1836 365 1859 serunt
392 1826 534 1860 maxime
566 1839 584 1859 a
619 1827 868 1872 praedicatione
903 1825 1125 1860 ecclesiastica
1167 1827 1370 1871 discrepare:

252 1901 289 1920 ex
314 1888 362 1920 his
384 1887 564 1932 praecipue
589 1888 700 1928 libris,
732 1902 814 1933 quos
847 1892 930 1933 περὶ
960 1889 1082 1933 ἀρχῶν
1109 1887 1305 1925 attitulavit.
1335 1888 1370 1921 in

252 1949 370 1994 quihus
394 1962 492 1994 quam
516 1949 661 1994 plurima
680 1963 698 1983 a
712 1950 1006 1983 calumniatoribus
1022 1950 1244 1982 incusatum-‚u
1280 1948 1372 1982 Mar-

252 2010 339 2043 ceilo
364 2012 539 2056 Ancyrano
565 2020 727 2055 quantum
752 2011 959 2056 displicuerit
980 2012 1045 2043 hoc
1067 2023 1164 2054 opus,
1187 2009 1288 2042 docet
1303 2009 1371 2041 Eu-

251 2071 362 2104 sebius
386 2071 472 2104 libro
496 2072 607 2116 primo
633 2082 747 2106 contra
765 2074 908 2106 eundem
931 2072 1132 2106 Marcellum
1159 2083 1228 2114 cap.
1243 2070 1286 2113 4.,
1310 2071 1369 2103 ubi

253 2133 322 2179 ejus
347 2134 446 2166 verba
471 2134 550 2166 haec
574 2135 702 2167 adfert:
736 2139 810 2169 Καί
836 2149 907 2179 τοι,
942 2138 972 2170 εἷ
1002 2135 1059 2169 δεῖ
1079 2133 1104 2166 τ’
1131 2131 1262 2175 ἀληθὲς
1284 2134 1368 2177 περὶ

248 2193 454 2241 Ὠριγένους
475 2197 601 2240 εἰπεῖν,
626 2199 729 2232 τοῦτο
754 2195 928 2242 προσήκει
950 2198 1088 2239 λέγειν,
1116 2192 1169 2230 ὅτι
1195 2191 1274 2240 ἄρτι
1297 2195 1368 2229 τῶν

251 2255 339 2310 κατὰ
363 2259 589 2303 φιλοσοφίαν
614 2258 772 2298 ἀποστὰς
794 2255 1043 2305 μαθημάτων,
1075 2259 1136 2291 καὶ
1160 2259 1233 2296 τοῖς
1255 2259 1369 2295 θείοις
