1404 2463
228 86 296 123 226
698 85 874 120 Omenms

236 189 295 218 eo,
325 177 416 222 quod
441 188 533 209 mens
558 185 684 208 creatus
708 189 725 209 a
747 176 824 208 Deo
853 184 919 214 est,
951 175 1004 207 vel
1028 175 1234 208 rationabilis
1258 175 1354 220 spiri-

236 248 306 282 tus,
329 251 392 283 pro
417 238 564 271 motibus
588 237 706 270 mentis
731 247 763 270 et
786 237 935 270 sensibus
961 236 1168 277 animorum,
1201 237 1253 268 vel
1278 238 1352 281 pius

239 300 292 332 vel
322 299 430 332 minus
459 299 520 332 sibi
551 299 661 332 meriti
691 300 875 344 paraverit,
911 300 963 331 vet
996 298 1146 331 amabilis
1170 299 1265 338 Deo,
1304 300 1353 331 vel

239 361 338 394 etiam
359 360 495 393 odibilis
521 360 695 393 exstiterit:
733 374 807 393 cum
823 361 853 405 ¹)
878 369 990 393 tamen
1013 359 1118 404 aliqui
1143 373 1181 393 ex
1206 360 1275 399 bis,
1300 360 1356 404 qui

239 422 435 455 melioribus
470 422 598 455 meritis
637 431 712 456 sunt
745 423 787 455 ad
819 422 1045 455 exornandum
1082 421 1202 455 muudi
1237 431 1358 454 statum

239 484 433 529 compati²)
457 484 611 530 reliquis,
648 494 679 517 et
711 484 860 517 officium
884 485 1045 529 praebere
1068 483 1284 516 inferioribus
1306 496 1361 516 or-

239 547 448 591 dinemur,³)
480 559 547 592 quo
582 560 643 591 per
674 547 737 578 hoc
769 555 801 578 et
831 546 896 591 ipsi
920 545 1100 591 participes
1125 546 1280 579 exsistant
1303 558 1360 589 pa-

240 609 375 641 tientiae
407 608 582 650 creatoris;
618 609 801 641 secundum
831 609 924 652 quod
956 608 1129 652 apostolus
1158 607 1229 652 ipse
1260 607 1359 640 dicit:

243 670 411 712 „Vanitati
423 670 457 714 ⁴)
489 669 578 702 enim
612 679 760 703 creatura
791 669 939 715 subjecta
970 679 1019 703 est
1042 682 1110 702 non
1135 669 1268 709 volens,
1303 669 1362 701 sed

243 741 385 778 propter
408 744 505 772 eum,
539 731 598 776 qui
621 731 799 777 subjecerit
821 731 855 764 in
880 744 1005 776 spem.«
1055 731 1278 764 Observantes
1301 730 1363 772 igi-

241 803 297 827 tur
318 794 414 826 istam
437 792 654 833 sententiam,
687 806 786 838 quam
816 794 987 838 apostolus
1013 794 1054 825 de
1078 793 1251 825 nativitate
1274 792 1362 825 Esau

244 865 278 888 et
300 855 408 888 Jacob
432 866 600 899 exponens
624 853 727 887 dixit:
760 855 996 900 „Numquid⁵)
1022 854 1181 900 injustitia
1205 863 1253 887 est
1277 854 1366 899 apud

242 916 379 950 Deum?
409 916 549 950 Absit:«
582 913 681 949 etiam
705 916 740 948 in
765 916 919 949 omnibus
943 916 1101 949 creaturis
1124 927 1252 950 rectum
1277 916 1365 949 arbi-

245 987 318 1011 tror
341 978 425 1011 banc
450 977 589 1010 eandem
614 977 736 1010 debere
760 978 956 1010 sententiam
981 978 1161 1021 custodiri;
1192 977 1362 1023 qnoniam,

244 1040 329 1074 sicut
352 1038 503 1084 superius
528 1038 679 1080 diximus,
703 1038 827 1084 justitia
852 1041 951 1072 debet
975 1040 1135 1073 creatoris
1157 1041 1192 1072 iu
1210 1040 1366 1072 omnibus

243 1114 415 1146 apparere.
462 1100 577 1144 Quae,
608 1110 645 1134 ut
674 1100 758 1134 mihi
790 1100 942 1141 videtur,
980 1100 1026 1133 ita
1056 1101 1192 1134 demum
1223 1100 1365 1148 lucidius

243 1163 456 1203 ostendetur,
486 1162 514 1195 si
546 1175 656 1196 causas
687 1162 884 1195 diversitatis
915 1162 1141 1208 unusquisque
1171 1163 1225 1195 vel
1256 1162 1367 1195 coele-

245 1224 357 1264 stium,
382 1225 436 1257 vel
458 1224 677 1266 terrestrium,
700 1225 753 1257 vel
777 1225 985 1258 infernorum
1009 1224 1042 1256 in
1063 1233 1169 1257 semet
1182 1224 1258 1268 ipso
1273 1236 1369 1268 prae-

247 1286 400 1318 cedentes
412 1286 445 1330 ὃ)
470 1285 678 1319 nativitatem
703 1299 900 1331 corpoream
925 1286 1046 1318 habere
1070 1285 1208 1318 dicatur.
1254 1286 1367 1318 Verbo

251 1346 339 1379 enim
362 1346 430 1379 Dei
453 1356 487 1380 et
509 1347 671 1392 sapientia
696 1347 765 1394 ejus
779 1347 811 1392 ⁷)
837 1357 944 1381 creata
967 1356 1043 1380 sunt
1066 1347 1228 1388 universa,
1253 1357 1287 1379 et
1309 1359 1371 1392 per

248 1407 350 1453 ipsius
382 1408 532 1441 ordinata
563 1418 638 1442 sunt
667 1408 838 1455 justitiam.
886 1409 952 1441 Per
975 1409 1113 1451 gratiam
1139 1422 1218 1441 vero
1243 1408 1372 1441 miseri—

250 1468 383 1502 cordiae
412 1482 489 1502 suae
514 1470 668 1503 omnibus
692 1470 866 1515 providet,
904 1479 1003 1515 atque
1029 1482 1144 1503 omnes
1170 1470 1371 1515 quibuscun-

252 1643 300 1676 Μ.
325 1644 352 1678 Ῑ.
378 1644 491 1688 „quod
521 1643 748 1688 unusquisque
784 1644 876 1688 quod
900 1655 992 1675 mens
1025 1655 1043 1675 a
1073 1644 1137 1676 deo
1162 1653 1290 1677 creatus
1315 1653 1372 1684 est,

248 1690 322 1722 vel«
349 1698 412 1724 etc.
1041 1706 1046 1707 ⁷

345 1745 375 1788 ¹)
400 1744 457 1778 Sic
481 1753 569 1777 recte
593 1745 672 1777 Mss.
696 1743 788 1776 Libri
814 1744 894 1776 editi
919 1745 1098 1777 mendose:
1133 1757 1226 1777 »eam
1258 1754 1370 1777 tamen

250 1789 388 1833 aliquis«
422 1799 484 1825 etc.
515 1790 554 1823 R.
582 1810 621 1815 --
656 1789 741 1822 Edd.
767 1788 815 1821 M.
850 1803 947 1829 „eum
983 1799 1093 1822 tamen
1125 1790 1266 1835 aliquis“
1303 1799 1367 1824 etc.

254 1834 339 1866 Vide
365 1835 422 1868 lib.
448 1836 489 1868 ll.
516 1834 748 1877 Origenianor.
775 1845 897 1879 quaest.
924 1835 1014 1868 Vlll.
1037 1848 1128 1868 num.
1157 1836 1188 1870 1.

344 1893 378 1935 ²)
403 1890 459 1924 Sic
484 1899 574 1923 recte
599 1889 681 1923 Mss.
706 1890 798 1922 Libri
831 1891 912 1923 editi
945 1894 991 1936 (v.
1023 1904 1051 1923 e.
1084 1890 1161 1923 edd.
1189 1891 1254 1935 Μ.)
1279 1903 1371 1923 men-

251 1940 349 1971 dose:
377 1948 533 1979 »compar
555 1935 725 1980 reliquis.“
750 1936 791 1967 R.

341 1993 374 2036 ³)
400 1991 456 2025 Sic
479 2000 567 2023 recte
593 1992 671 2024 Mss.
695 1990 786 2023 Libri
818 1991 899 2023 editi
930 1991 976 2035 (v,
1003 2004 1031 2024 e.
1056 1992 1108 2024 ed.
1134 1992 1183 2027 M.
1208 1992 1252 2036 l.)
1279 2005 1370 2024 men-

251 2040 348 2071 dose:
377 2036 607 2080 „opinentur.“
633 2037 671 2069 R.
697 2056 737 2061 —
762 2036 824 2070 Ed.
849 2037 897 2069 M.
923 2036 963 2067 ll.
990 2036 1199 2080 ‚‚opiuetur.«

344 2094 378 2137 ⁴)
401 2093 499 2125 Rom.
526 2092 616 2134 vm,
640 2092 694 2127 ΖΟ.
718 2092 771 2126 21.
875 2092 906 2136 ⁵)
932 2092 1030 2126 Rom.
1057 2092 1116 2130 lx,
1142 2093 1192 2125 14.

342 2149 377 2191 ⁶)
401 2147 463 2180 Ed.
488 2148 535 2180 M.
561 2149 586 2180 l.
613 2149 886 2193 „procedentes.“

342 2203 376 2247 ⁷)
398 2202 503 2235 Deest
533 2203 566 2235 in
597 2203 694 2237 editis
725 2205 770 2248 (v.
796 2217 822 2236 c.
851 2205 926 2237 edd.
950 2204 1032 2249 M.)‚
1071 2205 1130 2237 sed
1165 2203 1305 2237 habetur
1335 2203 1367 2236 in

251 2250 333 2284 Mss.
359 2247 480 2293 „ejus.«
509 2248 547 2281 R.
