1404 2463
413 135 458 159 m:
484 125 678 158 ancmns
701 124 813 157 Lmen
843 124 868 157 1.
1163 120 1205 153 27

347 270 586 312 CAPUT
637 268 937 309 PRIMUM.

553 369 606 402 De
642 370 731 403 Deo.

176 461 205 496 1.
253 461 332 495 Scio
359 460 563 505 quoniam')
590 460 801 492 conabuntur
828 458 963 503 quidam
990 458 1088 490 etiam
1102 459 1136 502 ²)
1161 472 1210 491 se-

85 524 230 556 cundum
255 522 445 567 Scripturas
477 522 653 564 nostras³)
687 520 798 553 dicere
829 521 942 553 Deum
976 533 1097 565 corpus
1130 534 1210 560 esse,

87 586 244 629 quoniam
268 583 442 617 inveniunt
465 582 628 627 scriptum
653 595 722 615 esse
747 583 835 627 apud
852 582 885 628 ⁴¹)
911 583 1031 615 Mosen
1056 582 1210 627 quidem:

85 647 197 688 „Deus
210 646 242 691 ⁵)
266 655 381 678 noster
403 644 486 687 ignis
512 657 710 677 consumens
736 648 832 677 est:“
865 645 899 678 in
932 644 1105 686 evangelio
1130 658 1210 677 vero

83 708 265 741 secundum
288 708 472 740 Joannem:
512 706 626 747 „Deus
643 706 676 750 6)
700 705 836 750 spiritus
868 715 933 747 est,
973 716 1006 739 et
1037 720 1114 747 eos,
1153 706 1210 751 qui

85 771 225 803 adorant
268 782 364 809 eum,
402 768 437 801 in
472 768 592 813 spiritu
625 777 657 800 et
693 768 832 801 veritate
862 778 1000 813 oportet
1037 769 1210 802 adorare.“

82 831 169 874 Ignis
201 844 282 864 vero
319 840 353 863 et
382 830 518 874 spiritus
548 843 616 862 non
640 829 732 863 aliud
756 830 847 875 apud
872 843 939 870 eos,
966 843 1065 875 quam
1090 843 1213 875 corpus

85 906 154 926 esse
186 892 368 937 putabitur.
418 891 514 934 Quos
538 891 742 933 interrogare
778 892 880 932 volo,
920 892 1001 936 quid
1035 893 1146 925 dicant
1171 893 1211 924 de

83 967 137 994 ee,
161 955 251 999 quod
277 954 440 999 scriptum
466 962 532 991 est,
565 952 688 997 quia7)
713 953 807 986 Deus
831 954 887 986 lux
913 963 979 994 est,
1002 953 1087 986 sicut
1110 954 1213 986 Joan-

82 1029 139 1048 nes
164 1016 198 1048 in
225 1016 367 1060 epistola
398 1028 454 1047 sua
488 1014 586 1047 dicit:
619 1015 734 1054 „Deus
750 1015 782 1058 ⁸)
815 1016 870 1047 lux
895 1025 960 1054 est,
994 1025 1026 1047 et
1055 1016 1213 1047 tenebrae

82 1091 152 1111 non
177 1077 313 1110 suntin
347 1080 421 1109 eo.“
473 1076 536 1108 lsta
571 1088 693 1120 nempe
733 1076 787 1108 lux
823 1085 890 1116 est,
930 1090 1015 1121 quae
1043 1077 1213 1109 illuminat

85 1152 220 1171 omnem
259 1125 392 1171 se⁶nsum
431 1151 566 1177 eorum,
603 1137 661 1181 qui
701 1147 840 1182 possunt
875 1151 994 1183 capere
1027 1138 1212 1178 veritatem,

83 1200 168 1233 sicut
191 1201 224 1232 in
249 1211 350 1234 xxxv,
374 1200 509 1232 Psalmo
536 1198 681 1231 dicitur:
710 1187 770 1239 „l‘n
785 1199 817 1244 9)
842 1200 969 1232 lumine
993 1209 1052 1232 tuo
1078 1199 1208 1232 videbi-

84 1275 157 1294 mus
188 1263 335 1294 lumen.“
385 1261 477 1304 Quid
519 1261 607 1293 enim
647 1260 738 1293 aliud
775 1261 889 1293 lumen
927 1261 994 1293 Dei
1031 1261 1211 1294 dicendum

85 1334 144 1364 est,
168 1324 202 1356 in
227 1336 294 1368 quo
320 1322 393 1367 quis
417 1321 509 1354 videt
532 1322 665 1360 lumen,
696 1321 758 1353 nisi
783 1321 888 1354 virtus
912 1323 997 1362 Dei,
1028 1336 1090 1367 per
1114 1336 1213 1368 quam

86 1385 160 1430 quis
192 1384 398 1417 illuminatus
427 1383 481 1416 vel
511 1382 684 1415 veritatem
718 1396 829 1416 rerum
866 1384 1016 1417 omnium
1048 1385 1214 1429 pervidet,

85 1447 140 1480 vel
164 1446 273 1491 ipsum
297 1446 410 1478 Deum
443 1445 632 1487 cognoscit,
663 1445 719 1490 qui
742 1445 862 1478 veritas
886 1447 1100 1491 appellatur?
1130 1448 1213 1480 Tale

86 1519 135 1542 est
159 1521 236 1551 ergo
261 1508 352 1552 quod
379 1506 518 1539 dicitur:
557 1507 615 1548 „In
632 1507 685 1551 ¹⁰)
717 1507 844 1539 lumine
868 1516 927 1540 tuo
953 1508 1140 1542 videbimus
1164 1509 1215 1542 Iu-

86 1574 208 1603 men:“
235 1571 300 1602 hoc
325 1578 383 1610 est,
408 1568 441 1601 in
468 1568 571 1600 verbo
597 1578 629 1600 et
653 1568 814 1613 sapientia
840 1579 906 1609 tua,
932 1571 1057 1615 qui¹¹)
1084 1580 1132 1603 est
1155 1571 1215 1604 Fi·

183 1692 214 1736 ¹)
239 1692 302 1726 Ed.
327 1692 376 1725 M.
402 1692 443 1725 H.
469 1691 615 1735 „quod-‘⁶
712 1691 746 1735 2)
771 1691 857 1723 Edd.
883 1692 930 1724 M.
958 1696 1043 1734 „et.“

181 1749 216 1792 3)
243 1749 293 1780 lta
316 1748 396 1780 Mss.
445 1746 536 1779 Alias
561 1749 607 1790 (v.
634 1759 661 1780 c.
686 1747 719 1779 in
745 1748 822 1779 edd.
842 1748 902 1791 Μ.)
928 1758 1078 1788 „nostras
1101 1749 1214 1781 Deum

91 1806 212 1838 corpus
244 1805 312 1825 esse
343 1804 505 1832 asserere,
537 1791 727 1836 quoniam.“
753 1793 792 1827 R.
824 1813 865 1818 -—
899 1793 966 1827 Cir.
998 1794 1052 1828 ed.
1082 1794 1213 1837 Redep,

89 1851 162 1882 pag.
185 1837 238 1872 96.
264 1847 334 1871 not.
358 1838 388 1871 4.

184 1894 217 1938 ⁴)
243 1894 289 1925 lta
322 1893 402 1925 Mss.
435 1893 526 1926 Alias
557 1893 602 1937 (v.
629 1906 655 1924 c.
680 1892 714 1925 in
743 1894 818 1926 edd.
844 1894 908 1936 M.)
944 1897 1052 1941 „apud
1084 1898 1215 1938 Mosen,

93 1939 184 1983 quod
210 1938 323 1970 Deus“
349 1947 410 1971 etc.
434 1939 475 1972 R.
569 1938 603 1982 ⁵)
629 1938 730 1971 Deut.
755 1940 813 1978 lV,
837 1939 889 1973 24.

185 1995 219 2039 ὅ)
244 1994 302 2027 Ev.
327 1994 446 2027 Joann.
472 1994 527 2033 IV,
550 1993 604 2027 24.

96 2050 218 2128 Χίῑιι7)
242 2050 305 2138 Egi),
329 2049 614 2128 {ljgilgqtlmgf‘
640 2069 683 2074 —-
716 2050 752 2082 In
784 2051 938 2096 subseqq.
970 2053 1045 2085 edd.
1070 2054 1118 2088 Μ.
1146 2055 1216 2095 „di-

187 2151 219 2194 9)
243 2151 364 2183 Psalm.
391 2149 553 2197 XXXVI,
575 2149 607 2183 9.
632 2151 811 2196 (XXXV.)

168 2207 220 2251 ιθ)
245 2207 367 2240 Psalm.
389 2205 547 2245 XXXVI,
569 2205 599 2239 9.
625 2206 797 2251 (XXXV.)

170 2269 223 2313 ¹¹)
248 2269 304 2302 Sic
331 2268 408 2301 Mss.
447 2267 538 2300 Alias
561 2268 608 2311 (v,
635 2281 660 2300 c.
685 2268 719 2300 in
744 2269 817 2302 edd.
840 2270 902 2316 Μ.)
927 2285 1030 2316 „quae
1057 2283 1105 2306 cst
1129 2274 1216 2308 filius

97 2317 204 2346 tuus.“
235 2314 273 2347 R.
