1404 2463
193 98 230 121 νε
613 87 907 121 Pnomzoomem.

193 179 293 216 bono
328 178 380 216 illi
415 179 560 216 doctori
594 190 719 226 parum
754 190 861 215 curae
898 177 1009 214 fuisse
1046 177 1190 213 videtur
1226 176 1342 213 Rufini

193 252 254 288 illa
281 253 507 300 adprecatio,
535 265 603 300 qua
630 253 668 289 in
697 253 767 289 fine
783 252 933 299 Prologi
953 252 1006 287 sui
1026 250 1252 299 „omnem,¹)
1283 249 1343 297 qui

193 327 260 362 hos
288 326 402 362 libros
432 327 679 374 descripturus
708 330 775 371 est,
803 326 861 362 vel
881 326 1053 370 lecturus,
1081 324 1118 360 in
1140 327 1342 371 conspectu

196 399 262 436 Dei
289 400 404 436 Patris
433 404 469 436 et
496 400 574 435 Filii
603 405 638 436 et
666 400 821 447 Spiritus
851 399 968 434 sancti
1000 401 1245 443 contestatur,
1279 401 1341 452 at-

195 484 263 520 que
292 473 465 510 convenit
492 485 557 521 per
585 473 694 509 futuri
721 473 827 520 regni
855 473 975 518 fidem,
1002 483 1068 518 per
1095 469 1342 507 resurrectio-

195 546 250 582 nis
278 558 323 583 ex
350 547 499 583 mortuis
528 551 804 592 sacramentum,
832 557 897 593 per
922 546 1033 591 illum,
1063 545 1120 591 qui
1141 555 1342 592 praepara-

196 623 252 655 tus
281 624 335 656 est
365 620 512 657 diabolo
541 625 576 657 et
603 621 743 668 angelis
772 621 868 666 ejus,
902 620 1025 666 ignem
1054 623 1260 664 aeternum,
1298 628 1343 653 ne

195 693 306 729 addat
333 693 467 740 aliquid
495 694 718 741 Scripturae,
746 705 791 729 ne
819 693 972 739 auferat,
1001 703 1046 728 ne
1074 691 1267 740 inserat,²)
1298 702 1343 727 ne

195 766 369 812 immutet,
389 767 453 803 sed
475 768 642 803 conferat
662 779 741 803 cum
761 766 1041 814 exemplaribus,
1061 765 1157 801 unde
1177 764 1342 812 scripse-

195 839 255 885 rit,
282 843 318 876 et
345 840 514 876 emendet
542 841 588 877 ad
615 841 769 886 literam,
804 845 840 877 et
868 841 1082 887 distinguat,
1109 842 1145 875 et
1172 839 1342 875 inemen-

196 913 316 948 datum
352 914 411 949 vel
448 924 521 950 non
552 914 760 951 distinctum
791 915 964 951 Codicem
1000 924 1074 950 non
1102 913 1254 958 habeat,
1297 922 1343 947 ne

194 996 363 1022 sensuum
392 986 600 1032 difficultas,
634 987 663 1022 si
693 987 884 1024 distinctus
915 988 1041 1024 Codex
1071 997 1145 1022 non
1175 986 1234 1032 sit,
1261 996 1342 1021 ma-

189 1059 292 1105 jores
321 1059 563 1096 obscuritates
590 1060 797 1107 legentibus
826 1062 1018 1107 generet.“
1059 1060 1196 1107 Nempe
1214 1059 1252 1095 in
1273 1070 1343 1095 ve-

193 1135 309 1168 terum
345 1133 428 1168 Mss.
464 1134 623 1170 lectione
666 1145 740 1170 non
782 1134 877 1170 belle
918 1134 1137 1170 exercitatus
1172 1132 1343 1169 Merlinus

194 1204 343 1252 incidit,
378 1206 431 1241 uti
467 1206 690 1255 conjicio,³)
728 1207 765 1243 in
799 1207 944 1243 unicum
974 1207 1064 1244 Cod.
1085 1206 1344 1252 Sorbonicum,

194 1281 401 1315 accuratum
430 1279 595 1326 quidem,
624 1280 688 1316 sed
717 1280 968 1328 frequentibus
996 1280 1265 1317 abbreviaturis
1293 1279 1342 1315 ita

194 1350 420 1398 implicitum,
447 1356 486 1388 ut
514 1353 547 1390 ei
575 1365 669 1401 pene
697 1355 743 1391 ad
763 1354 906 1401 singula
926 1354 1039 1390 verba
1059 1354 1219 1391 haeserit
1236 1364 1343 1401 aqua,

195 1423 367 1461 divinarit
399 1425 520 1473 potius
549 1438 653 1473 quam
681 1427 834 1474 legerit,
870 1431 906 1463 et
936 1427 1135 1465 divinando
1165 1428 1342 1464 absurdas

193 1497 402 1545 saepissime
431 1502 467 1535 et
492 1499 663 1536 ridiculas
683 1511 750 1548 pro
772 1501 939 1548 genuinis
960 1502 1132 1538 obtrudat
1150 1501 1342 1539 lectiones.

194 1570 256 1607 Sic
282 1571 491 1619 saepissime
519 1574 608 1621 legit
634 1575 752 1620 Deus,
780 1575 841 1611 ubi
860 1576 964 1612 Mser.
987 1576 1113 1612 Codex
1139 1575 1252 1611 habet
1279 1575 1342 1611 di-

194 1644 310 1690 citur,
338 1648 374 1681 et
402 1646 594 1694 exscripsit
621 1647 823 1693 Hebraeis,
850 1648 911 1684 ubi
939 1648 1135 1695 legendum
1164 1651 1242 1684 erat
1269 1648 1341 1684 Ιια-

198 1717 321 1765 behis3
349 1723 385 1755 et
403 1719 485 1755 vice
504 1731 611 1756 versa
632 1721 771 1758 dicitur
791 1725 827 1757 et
852 1721 1028 1767 habebis,
1056 1721 1119 1757 ubi
1148 1721 1343 1768 legendum

194 1794 273 1826 erat
298 1792 404 1829 Deus
441 1797 478 1829 et
504 1793 700 1831 Hebraeis.
753 1795 915 1842 Longior
951 1794 1102 1841 fuerim,
1142 1794 1172 1830 si
1200 1797 1341 1831 ceteras

288 1941 322 1985 ¹)
347 1942 417 1976 Csr.
443 1942 539 1985 Orig.
565 1943 657 1988 Opp.
684 1944 737 1978 ed.
763 1944 873 1978 Ruaei
896 1944 998 1977 Tom.
1022 1943 1047 1977 I.
1072 1956 1152 1989 pag.
1175 1943 1232 1980 46.
1257 1943 1339 1978 coll.

195 1996 246 2030 ed.
271 2007 377 2032 nostr.
405 1998 507 2031 Tom.
532 1998 603 2045 huj.
627 2012 701 2044 pag.
729 1999 781 2034 13.
808 2013 877 2045 seq.

282 2053 317 2099 ¹²)
341 2054 407 2088 Ed.
421 2053 531 2087 Ruaei
558 2055 624 2088 loc.
649 2055 740 2090 laud.
765 2065 803 2089 ut
827 2069 889 2089 nos
914 2056 948 2089 in
972 2065 1090 2099 textu;
1114 2055 1233 2089 eadem
1255 2068 1337 2089 vero

191 2110 258 2143 hoc
282 2109 381 2144 loco:
408 2110 586 2152 „inferat.“

282 2167 317 2211 ³)
343 2166 586 2213 Coniecturam
603 2168 722 2208 Ruaei,
747 2168 779 2202 in
807 2169 858 2203 ed.
878 2169 1010 2214 Redep.
1029 2167 1127 2212 epist.
1146 2166 1337 2202 dedicator.

188 2235 266 2268 pag.
289 2223 352 2256 Xl.
381 2236 517 2257 assensu
553 2226 829 2269 comprobatam,
866 2225 973 2271 justos
998 2223 1123 2258 limites
1147 2222 1337 2269 exspatiari,

190 2279 371 2314 vel-notae
395 2279 546 2323 singulae
571 2281 623 2314 ed.
648 2290 755 2316 nostr.
773 2281 939 2315 lectorem
955 2291 1132 2316 strenuum
1153 2280 1336 2314 docebunt.
