1404 2463
504 116 693 148 PROLOGUS
719 115 852 147 Rormr.
1198 117 1233 151 11

122 206 240 238 veniat.
293 205 436 248 Hunc¹)
468 217 543 246 ergo
579 204 675 236 etiam
708 217 786 243 nos,
816 206 895 237 licet
923 218 990 237 non
1028 206 1239 250 eloquentiae

121 265 261 306 viribus,
300 266 490 310 disciplinae
505 266 538 309 2)
567 275 677 297 tamen
709 267 831 307 regulis
861 267 894 298 in
933 276 1090 311 quantuni
1123 281 1238 312 possu-

120 341 192 360 mus
207 329 239 372 3)
263 329 444 373 sequimur,
470 328 681 359 observantes
698 327 824 359 scilicet
848 340 889 359 ne
903 328 936 371 4)
962 341 1008 367 ea,
1035 342 1116 372 quae
1142 329 1174 361 in
1200 329 1236 361 li-

120 389 187 421 bris
213 390 363 431 Origenis
395 402 410 421 a
443 401 475 421 se
507 387 633 431 ipsis⁵)
664 387 881 432 discrepantia
905 389 1119 422 inveniuntur
1141 400 1240 434 atque

123 452 296 494 contraria,
322 450 590 495 proferamusss)
644 449 744 494 Cujus
775 450 975 483 diversitatis
1009 464 1136 483 causam
1168 453 1240 496 ple-

123 512 195 544 nius
218 512 280 545 tibi
303 512 336 545 in
362 512 596 557 Apologetico,
622 523 720 555 quem
735 511 928 555 Pamphilus
949 525 1010 556 pro
1029 513 1123 545 libris
1136 513 1241 558 ipsius

124 574 276 615 Origenis
299 574 441 618 scripsit,
468 573 642 611 edidimus,
667 573 995 606 brevissimolibello
1013 575 1242 618 superaddito,

121 635 155 667 in
191 648 257 679 quo
291 623 516 674 evidentibus,
548 644 585 666 ut
615 634 776 674 arbitror,
808 636 1035 679 probamentis
1066 646 1242 680 corruptos

122 709 190 729 esse
214 696 247 728 in
273 696 526 741 quamplurimis
556 697 596 728 ab
626 696 797 728 haeretieis
832 706 863 729 et
894 696 1114 741 malevolis7)
1139 698 1244 730 libros

122 758 190 803 ejus
215 758 438 798 ostendimus,
473 759 550 800 et3)
588 757 767 802 praecipue
792 758 890 802 istos,
923 771 1007 803 quos
1031 771 1120 791 nunc
1146 760 1245 801 exigis

122 829 158 851 ut
182 820 391 864 interpreter,
416 819 449 851 id
475 829 523 851 est
546 822 629 864 περὶ
649 819 780 864 ἀρχῶν,
806 819 897 862 quod
922 820 975 851 vel
1000 821 1042 852 de
1065 820 1243 865 Principiis

123 881 174 913 vel
200 882 240 914 de
264 881 510 925 Principatibus
524 881 556 925 ⁹)
584 880 649 912 dici
674 890 803 924 potest,
837 880 891 924 qui
923 891 998 913 sunt
1027 894 1141 914 revera
1166 882 1244 915 alins

123 953 155 974 et
180 943 404 976 obscurissimi
422 944 473 987 ¹⁰)
501 952 531 974 et
557 942 761 975 difficillimi.
810 942 862 973 De
887 943 985 974 rebus
1011 944 1097 974 enim
1124 944 1243 976 talibus

123 1005 169 1036 ibi
201 1005 365 1049 disputat,
405 1006 437 1037 in
471 1005 591 1049 quibus
629 1003 824 1048 philosophi
857 1003 948 1035 omni
981 1005 1156 1048 aetate¹¹)
1186 1019 1243 1038 sua

124 1068 363 1110 consumta¹²)
394 1067 542 1098 invenire
574 1074 757 1109 potuerunt
786 1064 881 1096 nihil.
931 1065 996 1097 Hic
1029 1079 1106 1097 vero
1132 1076 1245 1099 noster

125 1137 282 1172 quantum
314 1128 425 1171 potuit
458 1127 488 1158 id
525 1127 605 1166 egit,
636 1136 672 1157 ut
709 1120 866 1157 creatoris
897 1126 997 1158 fidem
1024 1136 1055 1159 et
1082 1137 1245 1160 creatura·

219 1278 248 1321 ¹)
273 1277 359 1309 Edd.
385 1277 431 1308 M.
460 1278 574 1309 »Nunc
599 1289 696 1317 ergo«
724 1285 786 1307 etc.

215 1335 249 1385 2)
275 1333 330 1366 Sic
353 1341 443 1365 recte
468 1344 583 1363 omnes
607 1331 686 1363 Mss.
719 1341 751 1364 et
779 1331 1010 1365 martianaeus.
1065 1334 1245 1379 Perperarn

122 1377 287 1410 Merlinus
311 1387 344 1410 et
367 1377 619 1410 Genebrardus:
648 1376 867 1420 »discipulum
892 1385 1022 1410 tamen«
1049 1388 1113 1414 etc.
1139 1381 1178 1413 R.

217 1434 249 1478 3)
274 1434 336 1466 Ed.
361 1434 407 1466 Μ
434 1434 458 1465 l.
486 1445 703 1477 »possimus«

212 1491 245 1532 4)
271 1489 403 1521 Merlin.
429 1498 462 1521 et
485 1488 690 1522 Genebrard.
720 1498 774 1521 »ut
800 1503 854 1530 ea,
881 1503 964 1533 quae
991 1511 1030 1516 —
1058 1491 1247 1536 discrepan-

124 1535 168 1567 tia
191 1534 413 1575 inveniuntur,
438 1535 678 1578 profer-imus«
728 1537 771 1566 At
802 1547 917 1567 omnes
949 1535 1027 1568 Mss.
1054 1545 1086 1568 et
1111 1537 1247 1569 Martin-

124 1592 223 1612 naeus
248 1589 285 1611 ut
308 1579 341 1611 in
366 1589 481 1611 nostro
505 1588 606 1611 textu.
636 1579 675 1611 R.

217 1636 249 1679 ⁵)
275 1636 497 1668 Martianaeus
528 1636 604 1678 (cfr.
637 1636 726 1679 Opp.
759 1635 897 1668 Hieron.
930 1636 1028 1669 Tom.
1051 1636 1108 1669 IV.
1133 1647 1165 1670 et
1191 1639 1248 1682 V.)

128 1693 252 1724 »ipso«
280 1701 321 1706 —
347 1680 416 1713 Cfr.
440 1693 511 1724 pag.
535 1680 602 1725 huj.
626 1689 696 1716 not.
722 1681 742 1714 4

218 1736 251 1780 6)
275 1736 362 1769 Edd.
387 1736 435 1769 M.
463 1736 729 1780 »proferantur«
779 1736 846 1769 Cfr.
872 1749 945 1781 pag.
971 1737 1037 1782 huj.
1062 1747 1132 1771 not.
1157 1739 1186 1772 4.

221 1792 253 1835 ⁷)
276 1791 340 1826 Ed.
364 1792 412 1824 Μ.
439 1793 463 1824 l.
490 1791 708 1824 »malivolis«

222 1848 254 1890 Θ)
277 1847 499 1880 Martianaeus
518 1848 594 1891 (cfr.
612 1847 702 1892 Opp.
722 1826 859 1880 Hieron.
881 1847 982 1882 Tom.
998 1849 1073 1893 IV.)
1102 1859 1153 1882 »et
1169 1851 1249 1884 istos

127 1903 312 1935 ΡΙἭΕΕΙΡΠΕ.
318 1905 335 1920 ((

223 1948 257 1992 ⁹)
281 1949 414 1980 Merlin.
441 1957 473 1980 et
497 1948 702 1981 Genebrard.
727 1948 1049 1993 (itemq.Ma1-tian.‚
1075 1951 1133 1984 cfr.
1159 1952 1249 1996 Opp.

130 1993 269 2025 Hieron.
301 1994 398 2025 Tom.
421 1994 478 2036 V.)
513 1992 767 2037 »potestatibu5,
779 2009 796 2024 «
830 2004 943 2027 contra
972 1975 1074 2028 fidein
1101 1997 1250 2029 omnium

132 2037 239 2071 Codd.
266 2038 344 2071 Mss.
368 2039 408 2070 R.

206 2094 257 2138 ¹⁰)
283 2093 339 2126 Sic
358 2106 472 2126 omnes
488 2094 567 2126 Mss.
582 2094 714 2126 Merlin.
731 2104 762 2126 et
780 2093 983 2129 Genebrard.
1011 2098 1195 2131 »obsonii«
1211 2099 1250 2131 R.

206 2148 259 2193 ¹¹)
282 2149 437 2190 Martian.
466 2149 542 2193 (cfr.
569 2149 658 2193 Opp.
683 2149 821 2183 Hieron.
848 2150 945 2185 Tom.
962 2153 1017 2185 lV.
1044 2162 1076 2185 et
1090 2153 1149 2197 V.)
1176 2166 1250 2185 »sua

133 2203 246 2227 aetate.
251 2210 268 2225 ι(

209 2250 260 2293 ¹²¹)
285 2250 437 2282 Martian
464 2251 540 2293 (cir.
567 2250 656 2295 Opp
681 2251 817 2284 Hieron.
844 2252 943 2285 Toni.
965 2253 1035 2297 lV.)
1063 2264 1253 2288 »consumta

137 2295 250 2328 nihil
242 2295 389 2329 mvenire
413 2305 604 2340 potuerunt
611 2312 627 2327 «
