1404 2463
176 81 244 118 370
405 80 583 113 Omozms
605 88 654 111 DE
679 79 876 113 ancirns
900 80 1013 113 Limen
1036 79 1096 111 111.

270 172 302 207 9,
349 170 426 202 Hoc
458 168 571 213 itaque
603 169 709 201 modo
741 168 774 201 in
809 168 1102 201 consummatione
1127 181 1165 200 ac
1189 167 1323 201 restitu-

183 233 276 265 tione
303 231 455 264 omnium
481 231 555 263 sieri
580 230 768 274 putandum
795 239 862 270 est,
896 238 935 262 ut
957 230 1120 274 paulatim
1143 229 1325 273 prolicien-

183 304 243 336 ωε,
268 303 302 326 et
325 293 568 326 adscendentes
592 292 698 324 modo
726 301 759 324 et
784 291 904 324 ordine
930 291 1128 335 perveniant
1151 290 1264 335 primo
1281 291 1322 322 ad

184 366 307 388 terram
339 355 452 394 illam,
486 363 520 386 et
537 354 567 398 ¹)
593 353 838 394 eruditionem,
868 366 952 398 quae
978 353 1011 385 iu
1037 365 1075 384 ea
1097 361 1162 391 est,
1199 351 1233 384 in
1260 364 1324 395 qua

184 418 227 449 ad
251 416 406 454 meliora,
432 425 465 447 et
489 415 559 454 illa,
584 415 707 459 quibus
731 414 796 460 jam
823 414 902 446 addi
926 413 1010 446 nihil
1026 421 1150 457 potest,
1175 412 1324 444 instituta

184 486 437 522 praeparentur.
484 477 570 510 Post.
591 485 723 509 actores
736 476 770 520 ²)
797 476 886 508 enim
911 485 944 507 et
969 483 1206 519 procuratores
1231 473 1328 507 Chri-

184 548 253 571 stus
279 538 454 581 dominus,
479 537 537 582 qui
563 547 613 570 est
636 550 692 570 rex
718 538 891 579 omnium,
915 549 1054 578 regnum
1081 535 1198 579 ipse³)
1224 535 1328 567 susci-

185 600 271 644 piet:
296 600 329 632 id
356 609 424 639 est,
447 608 528 644 post
552 598 828 643 eruditionem³)
854 608 1044 631 sanctarum
1069 596 1234 628 virtutum
1259 609 1328 635 eos,

185 660 242 704 qui
281 673 359 692 eum
391 673 511 705 capere
544 669 686 704 possunt:
725 661 910 692 secundum
950 660 1043 704 quod
1073 654 1237 702 sapientia
1269 667 1330 700 est,

185 722 258 766 ipse
283 722 442 761 instruet,
474 735 612 763 regnans
637 721 671 753 in
697 721 738 753 iis
762 721 909 760 tamdiu,
940 733 1119 765 usquequo
1145 732 1204 752 eos
1227 719 1328 751 etiam

188 783 278 815 Patri
310 783 484 827 subjiciat,
517 782 575 825 qui
607 782 668 814 sibi
694 783 846 815 subdidit
870 782 1000 821 onmia,
1033 782 1066 813 id
1095 790 1160 820 est,
1189 791 1228 814 ut
1252 794 1328 813 cum

187 856 325 888 capaces
350 844 416 875 Dei
450 843 565 876 effecti
599 844 742 882 fuerint,
773 843 816 875 sit
839 843 879 874 iis
904 843 998 875 Deus
1025 843 1138 877 omnia
1162 843 1194 874 in
1221 842 1330 874 omni-

188 907 260 937 bus.
309 906 454 949 Tunc⁵)
486 917 564 946 crgo
578 904 614 948 ὃ)
647 913 893 948 consequenter
925 904 1025 937 ctiam
1059 914 1175 937 natura
1208 917 1332 949 corpo-

190 979 243 998 rea
269 967 365 998 illum
390 979 573 1005 summum,
599 975 632 997 et
659 966 710 998 cui
737 965 816 998 addi
841 964 907 1010 jam
932 965 1015 997 nihil
1041 965 1161 1010 possit,
1190 966 1332 1010 recipiet

188 1038 323 1060 statum.

280 1090 497 1133 Hactenus⁷)
522 1090 620 1122 nobis
646 1089 745 1121 etiam
773 1102 959 1133 corporeae
982 1098 1132 1130 naturae,
1157 1089 1208 1122 vel
1233 1089 1331 1134 spiri-

191 1151 290 1183 tualis
316 1152 471 1194 corporis
499 1152 626 1183 ratione
652 1151 816 1190 discussa,
842 1151 982 1183 arbitrio
1007 1152 1148 1193 legentis
1171 1151 1332 1196 relinqui-

191 1226 275 1252 mus,
301 1226 338 1244 cx
363 1222 509 1256 utroque
535 1213 628 1256 quod
657 1212 777 1244 melius
799 1212 997 1256 judicaverit
1022 1213 1226 1254 eligendum
1262 1213 1332 1245 Nos

192 1287 272 1306 vero
297 1274 331 1306 in
356 1273 406 1305 his
430 1274 532 1305 finem
560 1274 636 1305 libri
663 1273 752 1305 tertii
779 1273 949 1306 faciamus.

291 1385 320 1426 ¹)
348 1385 410 1416 Ed.
436 1384 484 1416 M.
512 1385 535 1418 l.
564 1388 652 1416 ³›ut.“
762 1386 796 1427 ²)
823 1385 893 1417 Cfr.
921 1384 997 1417 Gal.
1022 1385 1079 1424 IV,
1100 1385 1131 1418 2.

285 1430 319 1471 ³)
345 1429 403 1461 Sic
429 1429 509 1462 Mss.
535 1429 669 1473 (itemq.
696 1430 772 1462 edd.
800 1429 865 1473 M.)
891 1430 982 1462 Editi
1010 1430 1072 1473 (?)
1099 1429 1262 1474 „ipsum.«
1292 1431 1331 1462 R.

285 1475 318 1517 41)
345 1474 431 1505 Edd.
458 1473 507 1506 M.
535 1474 796 1514 ,,υ111(]ἰ[”101ιο3.“

286 1521 319 1561 ⁵)
345 1519 487 1550 Sanctus
513 1519 741 1570 Hieronjmus
773 1519 869 1563 epist.
893 1519 949 1553 94.
975 1520 1016 1551 ad
1046 1520 1132 1552 Avit.
1156 1532 1231 1564 pag.
1257 1520 1331 1554 767

191 1564 236 1596 ait
253 1563 436 1604 Origencm
456 1573 555 1607 „post
573 1563 838 1608 disputationem
857 1564 1096 1605 longissimam,
1115 1578 1179 1609 qua
1194 1578 1331 1597 omnem

191 1618 377 1641 cienturam
411 1621 612 1652 cmpmeam
645 1622 677 1640 111
700 1609 888 1652 spiritualia
914 1622 1059 1652 corpora
1085 1619 1118 1642 et
1143 1610 1258 1642 tenuia
1283 1610 1332 1642 di-

192 1654 236 1686 cit
262 1666 331 1685 esse
358 1654 565 1693 mutandam,
592 1662 815 1698 cunctamque
840 1654 1091 1686 substantiam
1083 1667 1117 1686 lu
1134 1667 1238 1686 unum
1258 1667 1330 1687 cor-

190 1712 252 1743 pus
283 1698 560 1736 mundissimum,
599 1709 630 1730 et
656 1712 751 1730 omni
780 1699 964 1743 splendore
992 1700 1108 1743 purius
1133 1709 1332 1732 converten—

191 1745 284 1781 dam,
318 1753 351 1775 et
382 1744 500 1783 talem,
532 1744 667 1787 qualem
699 1757 790 1775 nunc
828 1745 972 1776 humana
1002 1757 1095 1776 mens
1126 1757 1195 1776 non
1219 1753 1332 1788 potest

193 1788 377 1830 cogharef‘
418 1789 458 1820 ad
495 1797 681 1820 extremum
714 1789 884 1821 intulisse:
923 1789 987 1830 „Et
1012 1789 1076 1821 erit
1099 1789 1192 1821 Deus
1220 1789 1333 1822 omnia

190 1833 225 1865 in
251 1834 419 1873 omnibus,
443 1842 481 1865 ut
505 1833 658 1866 universa
681 1843 799 1866 natura
824 1847 990 1878 corporea
1013 1834 1185 1875 redigatur
1207 1833 1241 1866 in
1260 1846 1333 1866 eam

190 1879 421 1917 substantiam,
446 1890 531 1921 quae
559 1878 717 1911 omnibus
742 1878 866 1910 melior
891 1888 951 1920 est,
977 1892 1009 1910 111
1028 1879 1176 1911 divinam
1192 1878 1333 1919 scilicet,

193 1936 257 1967 qua
291 1923 383 1955 nulla
417 1932 465 1954 est
498 1923 654 1956 meli01.“
710 1923 759 1955 Ex
791 1924 912 1967 quibus
945 1937 1020 1955 cuni
1053 1924 1147 1968 sequi
1178 1923 1333 1956 vider-tm

192 1969 269 2000 Deo
296 1980 438 2012 corpus,
464 1968 544 2000 licet
567 1967 822 2008 tenuissimum,
847 1969 971 2008 inesse,
1003 1970 1084 2000 liaec
1110 1969 1333 2001 dissimulavit

191 2013 351 2052 Rufinus,
389 2021 446 2044 aut
478 2012 513 2044 in
551 2013 655 2045 alium
687 1995 822 2045 sensurti
855 2014 1007 2046 detorsit
1013 2018 1030 2034 “
1086 2013 1174 2046 Vide
1209 2014 1264 2045 lib.
1290 2014 1331 2045 ll.

193 2057 431 2098 origenianor.
457 2067 585 2101 quaest.
612 2059 636 2090 l.
661 2059 702 2091 R.
727 2079 769 2083 —
807 2059 878 2093 Csr.
911 2059 964 2092 cd.
992 2059 1122 2102 Redcp.
1154 2071 1231 2102 pag.
1255 2057 1331 2092 328,

194 2111 266 2137 not.
291 2102 322 2135 6.
419 2104 453 2145 ⁶)
478 2103 585 2135 Deest.
611 2106 734 2145 „crg0“
761 2104 793 2135 in
821 2104 899 2136 edd.
926 2104 974 2137 Μ.

288 2149 320 2188 ⁷)
348 2147 433 2178 Vide
460 2147 517 2179 lib.
546 2148 587 2179 ll.
615 2148 851 2189 Origcnianor.
878 2158 1003 2192 quaest.
1030 2148 1090 2180 ΧΙ.
1114 2161 1206 2179 num.
1235 2148 1284 2181 15.
