1404 2463
414 116 459 138 DE
485 105 681 139 Pumcnans
708 106 781 138 Lus.
809 105 864 138 IV.
1144 106 1208 141 451

75 195 224 240 phetiaffi
261 208 344 240 quae
377 194 515 236 singulis
549 194 700 236 gentibus
731 195 967 239 proferuntur,
1005 195 1204 241 revocari')

74 256 177 298 magis
209 257 250 288 ad
275 256 399 291 animas
424 257 565 295 debere,
598 264 632 287 et
657 257 802 291 diversas
827 255 1014 288 mansiones
1040 257 1200 303 earum2)

73 317 245 350 coelestes.
294 317 362 350 Sed
388 327 420 350 et
443 317 731 350 historiasrerum
756 327 938 360 gestarum,
972 330 1055 361 quae
1081 318 1201 352 dicun-

70 389 126 411 tur
150 379 202 410 vel
227 378 317 420 genti
341 379 453 419 Israel,
479 379 531 412 vel
554 378 752 418 Jerusalem,
783 380 833 412 vel
858 379 1005 411 Judaeae
1029 379 1200 419 accidisse,

71 440 138 473 illis
169 440 221 471 vel
253 439 319 472 illis
344 440 495 481 gentibus
520 439 809 484 impugnantibus,
847 442 1126 483 perscrutandum
1151 451 1201 475 est

71 511 105 534 et
134 500 415 546 perquirendum,
446 501 603 546 quoniam
617 502 652 544 ³)
677 500 710 533 in
736 501 991 545 quamplurimis
1017 503 1201 547 corporali—

71 573 122 595 ter
144 571 233 604 gesta
258 575 324 594 non
351 572 513 602 constant,
539 563 714 608 quomodo
741 562 842 603 magis
869 562 929 594 ista
955 564 1199 598 conveniebant

71 625 140 658 illis
164 623 363 666 gentibus⁴)
388 624 584 666 auimarum,
611 637 694 668 quae
720 623 752 655 in
771 625 869 655 coelo
888 624 965 667 isto,
989 626 1080 669 quod
1097 635 1200 659 trans-

68 687 116 719 ire
141 686 280 727 dicitur,
306 685 473 724 habitant,
490 686 522 729 ⁵)
548 686 599 717 vel
626 685 723 717 etiam
749 698 835 716 nunc
859 685 1007 719 habitare
1031 688 1198 731 putandae

70 758 159 782 sunt.

157 809 194 843 Si
219 808 292 854 quis
319 821 398 841 vero
425 808 643 852 evidente-5⁶)
669 818 703 840 et
725 808 801 841 salis
827 809 1014 841 manifestas
1043 809 1197 842 assertio-

66 884 125 904 nes
148 871 270 903 horum
297 871 338 902 de
357 868 539 913 Scripturis
564 870 684 902 sanctis
710 880 867 914 exposcat
891 883 907 901 a
925 871 1034 909 nohis,
1056 883 1198 915 respon-

68 933 215 966 (lendum
241 942 305 971 est,
339 931 462 975 quia7)
489 931 659 963 occultare
685 931 786 973 magis
811 931 891 963 haec
917 932 1058 976 Spiritui
1082 941 1196 965 sancto

65 993 100 1026 in
123 993 193 1033 his,
227 1006 312 1037 quae
342 994 497 1026 videntur
531 1006 599 1027 esse
627 992 783 1028 historiae
808 1007 920 1025 rerum
945 1003 1128 1035 gestarum,
1166 1003 1199 1025 et

67 1055 165 1089 altius
198 1064 310 1096 tegere
335 1054 513 1090 consilium
541 1053 619 1094 fuit;
651 1054 683 1086 in
709 1054 829 1098 quibus
854 1055 1057 1088 descendere
1082 1055 1198 1087 dicun-

67 1125 121 1148 tur
156 1115 188 1148 in
213 1117 422 1161 Aegyptum,
463 1116 513 1147 vel
547 1115 705 1159 captivari
739 1115 769 1147 in
802 1116 1042 1158 Babyloniam,
1080 1116 1132 1148 vel
1162 1116 1196 1149 in

67 1178 162 1222 bisss)
188 1177 267 1222 ipsis
292 1177 485 1219 regionibus
512 1177 646 1222 quidam
673 1177 806 1225 quidem
833 1178 1003 1210 humiliari
1028 1177 1138 1217 nimis,
1163 1187 1196 1210 et

68 1240 130 1272 sub
162 1239 300 1272 servitio
326 1239 413 1271 effici
440 1239 676 1279 dominorum,
710 1239 767 1272 alii
793 1253 870 1271 vero
896 1239 929 1271 in
954 1239 1032 1284 ipsis
1058 1240 1196 1285 captivi-

65 1301 140 1334 tatis
167 1301 249 1333 locis
274 1300 355 1332 clari
377 1313 415 1332 ae
441 1301 605 1342 magnifici
631 1301 735 1334 habiti
759 1310 851 1340 sunt,
883 1301 928 1333 ita
952 1311 989 1333 ut
1014 1310 1195 1345 potestates

65 1372 99 1394 et
130 1362 336 1406 principatus
367 1362 551 1401 tenuerint,
581 1362 803 1407 regendisque
817 1362 850 1406 ⁹)
881 1362 1018 1407 populis
1043 1364 1196 1407 praefue-

65 1423 149 1457 rint:
176 1437 259 1468 quae
276 1424 329 1467 ¹⁰)
355 1423 483 1462 omnia,
509 1433 546 1456 ut
570 1423 730 1463 diximus,
754 1424 949 1457 abscondita
975 1433 1007 1456 et
1033 1425 1137 1457 celata
1160 1427 1194 1457 in

65 1486 259 1530 scripturae
297 1494 429 1519 sanctae
469 1485 614 1518 historiis
655 1496 896 1529 conteguntur,
935 1486 1009 1530 quia
1051 1495 1082 1518 et
1122 1500 1195 1528 „re-

69 1633 159 1678 nymi
185 1634 377 1677 appositum
404 1649 420 1668 e
446 1636 582 1678 regione
608 1638 842 1678 fiagmentum,
868 1636 960 1689 cujus
984 1637 1099 1682 utique
1123 1646 1193 1670 tex-

65 1687 117 1710 tus
149 1691 284 1720 graecus
315 1681 450 1713 interiit.
486 1683 523 1715 R.
550 1702 591 1706 —
631 1682 683 1714 De
704 1695 791 1733 quo
827 1682 964 1726 quidem
995 1685 1192 1724 fragmento,

65 1723 157 1768 cujus
188 1724 252 1756 hoc
283 1736 331 1758 est
363 1726 512 1758 initium:
555 1727 619 1767 „Et
657 1726 732 1771 quia
765 1728 1030 1771 comparavimus
1063 1729 1104 1760 de
1128 1728 1192 1760 isto

68 1769 218 1800 mundo“
250 1779 323 1811 etc„
350 1773 408 1804 ch·
433 1785 508 1815 pag.
533 1771 609 1805 449.
633 1781 703 1804 not.
728 1772 759 1808 3
786 1773 863 1806 coll.
890 1773 941 1806 ed.
967 1773 1095 1817 Redep.
1120 1786 1193 1817 pag.

63 1813 139 1848 359.
164 1823 234 1848 not.
260 1816 312 1851 18.
410 1785 454 1861 ¹)
466 1817 552 1849 Edd.
577 1817 624 1849 M.
652 1817 838 1858 „ev0cari.“

157 1870 190 1914 ²)
216 1871 302 1905 Edd.
329 1873 375 1904 Μ.
403 1876 575 1913 „corum.“
672 1872 706 1917 3)
731 1862 819 1908 Edd.
842 1874 888 1906 M.
919 1882 975 1915 „ut
1000 1873 1190 1917 quoniam.“

157 1926 190 1968 ⁴)
205 1927 272 1960 sic
290 1927 370 1962 Mss.
390 1928 481 1961 Editi
500 1929 546 1973 (v.
561 1942 587 1962 c.
604 1929 678 1962 edd.
694 1930 762 1973 M.)
781 1930 884 1962 maie:
911 1929 1192 1971 „generibus.“R..

158 1983 190 2026 ⁵)
216 1983 303 2018 Edd.
330 1986 378 2018 M.
408 1984 650 2018 ·›habitabant.“

156 2040 189 2081 6)
215 2039 273 2073 Sic
305 2041 383 2073 Mss.
409 2040 500 2072 Edit?
532 2041 578 2085 (v.
606 2054 633 2075 c.
662 2041 736 2073 edd.
763 2041 829 2083 M.)
866 2041 1109 2083 „evidentiores
1141 2054 1191 2074 ra—

63 2083 172 2116 tiones
198 2097 315 2117 eorum
342 2086 404 2117 de“
432 2094 494 2120 etc.
516 2086 555 2119 R.
651 2085 684 2130 ⁷)
709 2086 774 2119 Ed.
801 2086 850 2120 M.
875 2087 917 2119 Il.
942 2087 1084 2131 »quod.«

155 2141 189 2183 ⁵)
214 2141 320 2173 Deest
345 2141 438 2183 „his“
464 2141 497 2173 in
525 2143 601 2175 edd.
627 2143 674 2174 Μ.

155 2198 189 2241 ⁹)
214 2197 345 2230 Desunt
374 2197 410 2229 in
438 2207 530 2234 antea
557 2197 655 2231 editis
681 2200 727 2242 (v.
755 2211 781 2229 c
807 2198 884 2231 edd.
911 2199 985 2243 M.,)
1017 2198 1189 2243 reperiun-

63 2249 118 2272 tur
148 2251 258 2274 autem
292 2242 325 2274 in
351 2243 429 2275 Mss.
457 2244 575 2275 verba:
613 2242 852 2287 „regendisque
875 2243 1012 2288 populis
1037 2245 1190 2288 praefue-

63 2284 160 2318 rint.“
186 2287 225 2320 R.
339 2288 392 2331 ¹⁰)
416 2287 511 2320 Finis
536 2288 653 2321 abhinc
679 2289 814 2320 lacunae
840 2288 873 2320 in
897 2298 989 2321 textu
1014 2302 1143 2331 graeco

838 2355 926 2390 29*
