1404 2463
425 104 470 126 m:
495 102 681 127 PmNCIPns
705 94 815 127 Lmen
840 95 866 127 I.
1166 94 1210 128 65

83 183 203 222 clarat,
235 183 311 228 quia
327 183 359 229 ¹)
383 183 592 216 subsistentia
624 182 704 215 Filii
738 184 778 215 ab
803 182 877 227 ipso
903 183 1002 216 Patre
1028 185 1214 218 descendit‘

81 245 139 277 sed
163 257 233 277 non
257 245 506 290 temporaliter,
537 257 645 288 neque
676 244 718 276 ab
742 244 813 276 ullo
839 245 905 278 alio
931 245 1046 285 initio,
1071 246 1153 286 nisi,
1178 257 1214 282 ut

81 305 236 346 diximus,
260 308 301 339 ab
325 306 399 351 ipso
424 307 514 339 Deo.

171 367 224 402 12.
271 368 340 401 Sed
358 377 390 400 et
405 369 578 412 speculum
600 367 851 400 immaculatum
874 369 1066 414 ἐνεργείας,
1093 368 1127 401 id
1153 379 1212 409 est,

79 428 323 474 inoperationis
349 429 416 461 Dei
441 442 510 461 esse
535 428 694 474 sapientia
727 429 930 462 nominatur.
977 431 1067 473 Ergo
1092 430 1210 475 inope-

78 490 163 524 ratio
189 489 317 523 virtutis
341 489 464 535 Dei,²)
490 503 576 534 quae
600 491 652 530 sit,
676 490 769 535 prius
795 490 1010 534 intelligenda
1036 501 1100 525 est:
1126 506 1209 537 quae

79 561 128 584 est
159 552 252 594 vigor
282 551 434 596 quidam,
465 561 502 584 ut
527 552 571 584 ita
596 551 755 593 dixerim,
788 566 850 597 per
880 567 980 598 quem
1014 554 1210 599 inoperatur

78 613 188 655 Pater,
213 613 266 646 vel
293 626 368 645 cum
393 606 494 652 creat,
519 614 572 645 vel
601 627 675 646 cum
700 614 867 659 providet,
893 615 946 647 vel
972 629 1046 648 cum
1071 615 1208 661 judicat,

78 674 131 706 vel
145 674 178 718 ³)
209 687 284 707 cum
319 675 447 717 singula
480 688 631 720 quaeque
662 674 696 708 in
729 685 884 721 tempore
915 690 976 710 suo
1009 677 1157 722 disponit
1172 677 1206 722 ⁴²)

77 745 176 780 atque
201 735 381 781 dispensat.
429 736 525 770 Sicut
549 750 628 779 ergo
653 737 687 770 in
711 739 851 782 speculo
878 738 1080 783 omnibus⁵)
1103 739 1205 772 moti-

77 799 150 837 bus,
174 797 296 842 quibus
320 798 357 838 is,
382 798 439 843 qui
463 799 639 843 speculum
664 799 830 841 intuetur,
865 810 1021 833 movetur
1053 801 1106 833 vel
1130 801 1205 843 agit,

75 859 192 892 iisdem
211 859 292 904 ipsis
318 859 418 892 etiam
445 873 482 893 ea
506 860 629 903 imago,
654 875 738 906 quae
761 875 823 906 per
846 862 1020 906 speculum
1038 863 1203 895 deforma-

73 929 145 962 tur,
178 921 306 954 actibus
343 929 378 954 et
408 921 555 955 motibus
587 933 822 956 commovetur
852 923 904 955 vel
933 925 1017 967 agit,
1048 924 1081 957 in
1106 925 1201 957 nullo

14 991 22 1009 ἰ
72 994 209 1026 prorsus
232 983 422 1017 declinans:
448 984 493 1016 ita
518 984 618 1017 etiam
643 984 804 1029 sapientia
828 985 869 1017 de
893 998 927 1018 se
953 986 1025 1019 vult
1049 986 1202 1028 intelligi,

20 1077 23 1087 ,
74 1056 150 1076 cum
175 1045 350 1089 speculum
375 1045 627 1078 immaculatum
657 1055 813 1090 paternae
827 1046 860 1089 ⁶)
892 1047 1022 1080 virtutis
1045 1048 1202 1093 inopera-

16 1097 23 1133 ἶῙ
75 1104 243 1149 tionisque
258 1104 291 1150 ⁷)
315 1106 526 1149 nominatum
556 1106 642 1140 sicut
672 1117 704 1140 et
726 1107 895 1141 Dominus
917 1108 1014 1142 Jesus
1040 1110 1200 1149 Christus,

75 1166 132 1210 qui
157 1176 205 1199 est
228 1167 389 1211 sapientia
412 1168 489 1208 Dei,
515 1169 556 1201 de
579 1182 614 1202 se
636 1169 710 1215 ipso
736 1169 950 1214 pronuntiat,
975 1171 1098 1211 dicens,
1123 1172 1200 1216 quia

75 1230 247 1272 ,φρει-α’)
274 1242 357 1274 quae
382 1229 463 1262 facit
479 1230 512 1272 ⁹)
536 1240 641 1274 pater,
667 1231 748 1264 haec
773 1231 872 1264 etiarn
898 1232 987 1265 filius
1007 1233 1084 1265 facit
1108 1233 1199 1265 simi-

73 1289 179 1322 liter.“
228 1290 271 1322 Et
302 1291 422 1324 iterum
455 1291 550 1331 dicit,
586 1291 745 1336 quoniam
779 1292 936 1337 ‚,non¹⁰)
965 1303 1079 1338 potest
1109 1294 1197 1327 filius

19 1334 23 1384 1.
71 1364 89 1383 a
120 1364 154 1383 se
187 1352 295 1384 facere
326 1352 520 1397 quicquam,
551 1352 613 1385 nisi
633 1353 685 1399 ¹¹)
717 1354 809 1398 quod
843 1354 963 1388 viderit
996 1365 1124 1400 patrem
1149 1357 1198 1389 sa-

166 1486 196 1530 ¹)
220 1486 283 1520 Ed.
308 1485 356 1520 M.
382 1487 423 1519 ll.
451 1486 600 1532 „quod.“

165 1542 199 1586 2)
224 1543 297 1574 Vox
324 1541 432 1584 „Dei“
460 1543 553 1575 deest
577 1542 610 1575 in
643 1552 740 1575 antea
766 1543 863 1576 editis
888 1543 936 1589 (v.
961 1559 991 1578 c.
1017 1545 1094 1579 edd.
1119 1545 1195 1591 M),

70 1587 127 1619 scd
151 1587 317 1631 reperitur
340 1587 375 1620 in
400 1587 556 1620 omnibus
580 1588 659 1621 Mss.
684 1589 723 1622 R.

160 1643 196 1687 va)
220 1643 283 1680 Ed.
308 1644 355 1677 M.
382 1645 407 1677 Ι.
434 1643 507 1684 „vel
533 1653 642 1676 tamen
669 1643 814 1686 singula“
842 1653 903 1677 etc.

159 1699 194 1743 Α)
218 1699 281 1733 Ed.
304 1700 354 1733 M.
378 1700 404 1732 I.
431 1699 648 1744 „‹lisposuit.“

163 1755 196 1796 ⁵)
220 1754 277 1788 Sic
309 1767 425 1788 omnes
458 1755 568 1790 codd.
604 1756 683 1789 Mss.
715 1755 806 1788 Alias
836 1756 882 1800 (v.
917 1769 943 1789 c.
967 1754 1000 1787 in
1027 1756 1100 1789 edd.
1127 1756 1192 1801 M.)

72 1799 248 1846 „omnious
277 1801 425 1832 motibus
456 1810 553 1844 atque
578 1801 732 1833 omnibus
756 1801 903 1841 actibus,
928 1802 1048 1846 quibus
1072 1801 1116 1839 is,
1139 1820 1193 1840 —,

70 1854 226 1877 movetur
248 1845 302 1876 vel
326 1845 447 1886 agitur,
482 1846 532 1878 his
563 1856 595 1879 et
619 1845 699 1891 ipsis
731 1846 800 1890 (ed.
826 1847 875 1880 M.
902 1847 926 1880 l.
951 1848 1004 1879 his
1029 1848 1069 1879 de
1091 1847 1192 1890 ipsis)

69 1890 169 1922 etiam
195 1902 232 1922 ea
255 1889 376 1932 imago,
390 1910 443 1931 —,
463 1890 590 1924 actibus
605 1912 644 1918 —
663 1901 895 1924 commovetur
918 1892 970 1924 vel
996 1891 1134 1933 agitur.“
1150 1892 1191 1925 R.

161 1947 194 1990 6)
221 1945 277 1980 Sic
301 1946 379 1978 Mss.
407 1945 495 1978 Alias
520 1947 565 1990 (v.
591 1960 618 1980 c.
643 1947 677 1980 in
702 1948 777 1980 edd.
802 1948 870 1992 M.)
896 1949 1100 1988 „aeternae.“
1126 1947 1168 1980 R.

160 2003 193 2046 ⁷)
218 2001 280 2035 Ed.
305 2002 354 2034 M.
379 2002 403 2033 l.
428 2002 535 2035 male:
570 2003 830 2048 „inoperationis
855 2016 940 2048 quae
964 2002 1188 2035 nominatur.“

158 2059 194 2103 s)
220 2058 289 2091 Cfr.
317 2071 366 2092 ev.
392 2058 510 2091 Joann.
537 2060 576 2099 V,
602 2059 655 2094 19.

159 2115 193 2159 ⁹)
218 2114 275 2147 Sic
300 2115 378 2147 Mss.
403 2113 534 2158 (itemq.
562 2115 636 2149 edd.
661 2116 727 2160 Μ)
751 2116 861 2149 Alias:
888 2116 1020 2158 „fecit.“
1047 2116 1087 2149 R.

138 2171 192 2215 ¹⁰)
216 2171 277 2204 Ev.
301 2168 488 2210 Joannjv,
513 2170 564 2205 19.

139 2227 192 2270 ¹¹)
217 2226 273 2260 Sic
296 2226 376 2261 Mss.
400 2225 491 2260 Alias
516 2228 563 2272 (v.
589 2240 617 2260 c.
642 2227 675 2260 in
700 2227 777 2264 edd.
790 2228 855 2274 M)
882 2227 971 2272 „nisi
989 2226 1110 2262 viderit
1133 2238 1191 2270 pa-

18 2271 19 2277 ’
68 2275 174 2305 trem“
201 2281 264 2305 etc.
290 2272 332 2305 R.

112 2333 286 2368 Omenms
314 2333 439 2369 OPERA
463 2334 491 2368 T
496 2344 557 2370 om.
580 2335 673 2369 XXI.
971 2336 991 2367 5
