1404 2463
396 106 442 128 DE
467 96 660 129 mecwns
682 95 792 128 Lmen
818 95 855 127 ΙΙ.
1130 93 1195 129 207

78 183 216 228 spiritu,
242 186 344 216 orabo
360 185 390 228 ¹)
415 194 448 217 et
471 194 598 217 mente:
623 185 787 229 psalmum
813 184 921 217 dicam
946 185 1082 228 spiritu,
1107 185 1194 229 psal-

79 259 171 278 mum
207 245 315 279 dicam
353 256 385 278 et
419 250 561 279 mente.“
624 246 667 278 Et
696 259 763 278 non
797 246 895 287 dicit,
934 247 1056 291 quia²)
1087 247 1195 279 anima

81 308 196 350 orabo,
221 309 279 340 sed
303 307 418 352 spiritu
443 317 476 340 et
499 317 625 340 mente:
647 317 680 340 et
703 321 769 340 non
795 308 887 348 dicit,
911 307 1019 341 anima
1045 309 1195 352 psallam,

81 369 137 401 sed
167 368 285 413 spiritu
308 369 448 413 psallam
472 378 504 401 et
527 379 646 403 mente.

167 431 242 475 (95)
265 430 295 465 3.
335 430 404 463 Sed
427 431 566 463 fortasse
591 430 788 476 requiritur:
812 431 849 464 Si
874 444 966 463 mens
983 440 1041 471 est,
1067 432 1196 475 quae3)

82 492 199 537 spiritu
225 501 296 524 orat
320 501 352 524 et
375 492 504 536 psallit,
538 502 570 525 et
593 492 664 538 ipsa
689 501 754 532 est,
790 505 873 536 quae
898 502 930 525 et
954 492 1197 537 perfectionem

82 553 226 599 percipit
260 562 292 585 et
315 553 472 594 salutem3
509 555 682 598 quomodo
708 553 788 586 dicit
812 554 948 587 Petrus:
984 553 1199 598 „Percipien-

83 625 131 648 tes
144 616 177 658 ⁴)
199 615 300 647 finem
324 614 404 646 fidei
426 624 569 655 nostrae,
593 617 732 648 salutem
757 615 941 647 animarum
964 625 1152 648 nostrarum
1163 615 1195 649 ?«

82 677 163 722 Si⁵)
187 676 294 708 anima
326 689 400 708 cum
424 676 545 721 spiritu
569 690 630 710 nec
654 687 742 715 orat,
774 690 835 709 nec
864 677 993 721 psallit,
1025 678 1197 722 quomodo

84 738 230 783 sperabit
258 737 421 771 salutem?
450 739 549 782 autfi)
575 739 601 770 si
627 752 700 771 cum
730 739 771 771 ad
795 738 1035 771 beatitudinem
1061 739 1198 777 venerit,

82 800 146 846 jam
171 799 279 832 anima
300 812 369 831 non
394 799 545 833 dicetur?
568 800 636 833 Sed
660 800 846 841 videamus,
871 813 912 832 ne
937 800 1024 832 forte
1047 800 1199 844 possit7)

83 861 147 893 hoc
170 862 274 893 modo
299 860 514 905 responderi,
539 861 662 906 quia8)
686 862 772 894 sicut
784 862 817 905 ⁹)
842 862 997 894 Salvator
1023 862 1112 893 venit
1136 862 1199 893 sal-

178 969 208 1012 ¹)
232 967 451 1000 Desideratur
475 967 507 1000 in
536 967 631 1001 editis
656 969 702 1012 (v.
728 981 753 1001 c.
779 969 855 1003 edd.
879 969 956 1012 M.)‚
979 969 1036 1001 scd
1062 968 1201 1000 babetur

87 1014 119 1045 in
145 1014 223 1046 Mss.
251 1014 409 1054 „orabo.“
435 1014 474 1046 R.

179 1071 214 1112 ²)
238 1069 302 1103 Ed.
326 1069 373 1101 M.
399 1069 440 1103 ll.
466 1068 610 1112 „quod.“

177 1125 211 1168 ³)
234 1125 319 1157 Edd.
344 1124 394 1157 M.
422 1136 525 1168 „quae
551 1136 625 1156 cum
649 1123 787 1168 spiritu“
815 1133 876 1158 etc.

180 1182 214 1224 ¹²)
240 1181 253 1212 l
278 1180 368 1213 Petr.
394 1181 418 1220 l,
441 1179 472 1214 9.

178 1236 209 1279 ⁵)
236 1236 304 1269 Cfr.
337 1237 389 1269 ed.
415 1236 542 1280 Redep.
573 1248 643 1280 pag.
667 1235 743 1270 209.
775 1246 844 1268 not.
872 1236 921 1269 17.

177 1293 210 1343 6)
234 1292 320 1324 Edd.
344 1293 392 1325 M.
419 1292 491 1343 ,ΒΑΗ
516 1291 542 1322 si
567 1295 663 1323 cum“
690 1301 751 1323 etc.
770 1311 809 1316 -
837 1291 974 1323 Exstant
996 1292 1076 1322 baec
1101 1291 1200 1322 verba

85 1337 119 1370 in
145 1336 342 1382 Hieronymi
377 1336 471 1380 epist.
504 1336 544 1368 ad
571 1336 657 1369 Avit.
681 1349 752 1380 pag
779 1335 851 1370 764.
877 1336 962 1368 hun(-
987 1336 1018 1368 in
1043 1336 1200 1367 modum:

89 1382 209 1424 „Unde
241 1395 314 1414 cum
346 1381 474 1413 infinita
506 1381 681 1414 cautione
690 1382 897 1413 tractandum
930 1390 993 1420 est,
1030 1394 1071 1412 ne
1103 1382 1202 1419 forte,

88 1440 190 1472 quum
221 1426 349 1459 animae
383 1427 524 1458 salutem
554 1427 675 1459 fuerint
700 1435 913 1465 consecutae,
952 1435 983 1458 et
1008 1426 1048 1458 ad
1073 1428 1202 1457 beatam

87 1473 187 1504 vitam
211 1471 433 1523 pervenerint,
458 1471 585 1503 :mimae
610 1484 678 1504 esse
703 1472 867 1505 desistant.
914 1471 1009 1504 Sicut
1036 1471 1122 1503 enim
1149 1484 1203 1503 ve-

86 1517 136 1550 nit
164 1516 330 1549 Dominus
365 1526 463 1560 atque
494 1517 648 1549 Salvator
681 1529 838 1560 quaerere
874 1525 907 1547 et
936 1516 1062 1547 salvum
1094 1517 1203 1547 facere

92 1563 182 1612 quod
208 1562 360 1606 perierat,
383 1570 421 1593 ut
438 1561 612 1612 *perditum
641 1574 710 1594 esse
733 1562 884 1593 desistat:
907 1561 954 1592 sic
976 1561 1095 1600 anima,
1120 1574 1203 1604 quae

90 1606 245 1651 perierat,
269 1616 302 1639 et
326 1607 369 1638 ob
388 1619 486 1658 cujus
509 1606 650 1638 salutem
674 1606 765 1638 venit
787 1606 965 1643 Dominus,
989 1619 1090 1649 quum
1115 1606 1203 1637 swnlxa

91 1653 175 1684 facta
210 1651 310 1684 fuerit
345 1651 463 1690 anima,
500 1652 607 1683 anima
644 1664 712 1683 esse
747 1651 896 1683 cessabit.
949 1650 1037 1683 Illud
1069 1663 1204 1694 quoque

91 1696 215 1740 pariter
237 1697 484 1740 requirendum,
507 1705 619 1728 utrum
642 1696 727 1728 sicut
749 1696 918 1739 perditum
941 1696 1119 1739 aliquando
1136 1708 1203 1727 non

92 1741 153 1773 fuit
179 1741 357 1784 perditum,
380 1750 413 1773 et
436 1741 498 1772 erit
520 1750 662 1785 tempus,
688 1741 820 1785 quando
844 1740 1016 1784 perditum
1039 1753 1107 1772 non
1126 1740 1204 1779 (τὴς

92 1786 138 1818 sic
170 1785 349 1829 aliquando
381 1785 489 1818 anima
518 1786 620 1818 fuerit
648 1799 715 1818 non
747 1785 872 1825 anima,
909 1794 942 1817 et
965 1786 1039 1817 fore
1063 1794 1205 1828 tempus,

93 1831 225 1874 quando
249 1843 455 1874 nequaquam
479 1831 585 1862 anima
610 1834 829 1875 perseveret.“
870 1831 954 1863 Vide
971 1830 1203 1873 Origenianor.

94 1876 152 1909 lib.
176 1876 217 1907 ll.
243 1885 364 1919 quaest.
391 1877 444 1908 Vl.
473 1877 514 1908 de
539 1876 656 1908 anima.
683 1876 720 1908 R.
847 1896 850 1900 ·

185 1929 218 1973 ⁷)
243 1930 298 1962 Sic
322 1931 399 1962 Mss.
422 1931 513 1963 libri
537 1931 617 1963 editi
642 1932 687 1974 (v,
714 1944 742 1963 c.
767 1931 842 1964 edd.
867 1932 931 1972 Μ)
959 1940 1098 1975 „potest
1104 1934 1121 1951 “
1148 1931 1187 1964 R.

184 1986 218 2030 Β)
243 1985 299 2018 Sic
323 1986 402 2018 Mss.
425 1986 518 2018 Libri
552 1986 632 2018 editi
663 1987 706 2029 (V.
733 1999 760 2018 c.
785 1987 838 2020 ed.
863 1987 909 2019 M.
939 1988 976 2030 l.)
1013 1987 1107 2031 „quia
1133 1987 1206 2020 Sal-

95 2040 189 2063 vator
222 2030 330 2062 venit“
357 2039 419 2063 etc.
450 2031 490 2063 R.
518 2051 557 2057 ——
594 2031 656 2064 Ed.
689 2032 735 2064 M.
762 2031 802 2064 ll.
837 2037 946 2075 »quod
972 2033 1125 2065 Salvator
1149 2045 1206 2063 ve

94 2076 163 2107 nit“
190 2085 253 2108 etc.

187 2132 219 2173 ⁹)
245 2130 370 2163 Graece.
408 2131 487 2162 haec
528 2140 652 2162 exstant
681 2131 720 2162 ad
752 2131 877 2163 calcem
911 2132 1004 2177 epist.
1029 2131 1206 2164 Justiniani

95 2176 212 2219 impet
204 2175 304 2207 atoris
335 2176 374 2207 ad
410 2176 565 2207 Mennam
590 2176 766 2209 Patrihirch
795 2176 963 2210 Constant.
979 2177 1114 2230 (Mansi
1140 2189 1208 2208 am-

96 2220 184 2264 pliss.
211 2221 342 2253 collect.
370 2220 551 2264 Concjlior.
576 2220 673 2253 Tom.
699 2221 774 2266 ΙΧ)
787 2234 830 2278 Ρ.
855 2220 1108 2277 532‘32071JQ
1133 2224 1206 2255 σῶ-

97 2278 155 2299 σαι
180 2266 218 2300 τὸ
244 2267 428 2304 ἀπολωλὸς
451 2260 561 2308 ἦλθεν
586 2264 603 2300 ὁ
630 2278 756 2311 σωιηιι,
785 2268 839 2302 ὅτε
863 2273 983 2311 ιιένιοι
1004 2267 1144 2306 σωζειαι
1164 2265 1202 2300 τὸ
