1404 2463
158 104 224 138 246
639 105 816 138 Omsms

161 194 201 226 ad
231 193 333 237 (105)
362 194 539 236 imaginem
574 204 606 226 et
638 193 893 226 similitudinem
926 191 989 224 Dei
1022 201 1211 236 reparetur:
1251 201 1287 224 ut

164 255 292 288 etiamsi
317 255 435 300 quis¹)
468 269 505 288 ex
537 256 596 289 hac
628 256 693 289 vita
724 256 831 288 minus
856 255 1005 287 eruditus
1037 253 1172 292 abierit,
1207 267 1286 298 pro-

166 317 288 349 babilia
312 326 422 349 tamen
448 331 550 362 opera
577 318 744 356 detulerit,
768 316 886 349 instrui
909 315 1036 360 poterit
1058 315 1092 347 in
1115 315 1173 347 illa
1189 316 1286 348 Jeru-

163 379 263 411 salem
289 389 480 412 sanctorum
505 379 655 419 civitate,
680 379 759 422 id²)
786 388 849 417 est,
885 377 1020 410 edoceri
1045 387 1077 410 et
1102 376 1288 415 informari,

167 450 199 473 et
225 441 313 473 effici
340 441 467 486 lapis³)
494 441 596 480 vivus,
630 441 713 486 lapis
737 441 904 486 pretiosus
929 448 961 471 et
987 439 1122 478 electus,
1146 451 1209 483 pro
1235 451 1287 479 eo,

165 503 257 547 quod
298 503 430 536 fortiter
469 513 501 536 et
531 513 720 536 constanter
750 502 927 548 pertulerit
958 514 1080 542 agones
1112 500 1217 541 vitae,
1256 509 1287 532 et

165 563 344 606 certamina
368 565 517 609 pietatis:
542 565 655 610 ibique
682 565 765 604 hoc,
798 565 888 609 qnod
913 562 977 607 jam
1002 562 1055 594 hic
1079 562 1287 606 praedictum

166 635 231 666 est,
271 626 378 659 verius
416 627 687 672 manifestiusque
727 635 921 668 cognoscet:
961 625 1121 669 „quod⁴)
1153 637 1220 656 non
1255 624 1289 656 in

165 700 249 732 pane
274 689 348 720 solo
374 687 456 720 vivit
480 689 595 728 homo,
621 690 678 721 sed
703 688 736 720 in
762 688 853 720 omni
880 688 994 726 verbo,
1019 687 1110 731 quod
1135 685 1290 730 procedit

167 750 207 781 de
239 762 298 781 ore
321 749 420 782 Dei.“
469 751 537 783 Sed
571 758 601 783 e't
634 749 802 794 principes
841 758 873 781 et
905 758 1050 781 rectores
1082 747 1289 789 intelligendi

165 820 241 843 sunt
273 811 321 850 hi,
353 811 410 855 qui
433 811 610 844 inferiores
635 821 667 844 et
691 820 818 852 regum,
845 820 877 842 et
902 810 1077 850 erudiunt,
1107 811 1183 853 et5)
1209 810 1290 842 edo-

167 882 251 912 cent,
278 882 377 917 atque
402 873 578 905 instituunt
601 873 643 907 ad
670 873 790 904 divina.

256 934 286 967 4.
335 935 460 967 Verum
499 934 524 967 si
561 934 669 967 minus
708 933 863 966 videntur
903 933 983 965 haec
1015 932 1223 977 sperantibus
1254 945 1291 964 ea

168 996 302 1037 dignum
336 996 502 1028 mentibus
526 995 675 1028 incutere
701 995 915 1034 desiderium,
939 995 1113 1039 paululum
1138 1004 1290 1038 repeten-

167 1069 226 1098 tes,
251 1071 439 1103 quanquam
463 1057 622 1090 naturalis
645 1057 688 1090 sit
713 1065 745 1089 et
769 1057 866 1089 insita
889 1057 1018 1089 animae
1042 1056 1091 1089 rei
1114 1056 1217 1100 ipsius
1233 1068 1290 1088 cu-

168 1120 308 1164 piditas,
338 1119 561 1165 inquiramus,
593 1129 631 1151 ut
662 1119 706 1152 ita
732 1120 866 1151 demum
882 1120 914 1163 ⁶)
941 1119 1033 1152 velut
1054 1117 1181 1162 species
1204 1117 1292 1161 ipsas

166 1181 261 1226 panis
285 1181 380 1221 vitae,
405 1191 437 1213 et
454 1179 648 1226 qualitatem
666 1180 733 1213 vini
751 1180 832 1226 ejus,
856 1194 893 1213 ac
910 1180 1150 1225 proprietatem
1168 1178 1291 1224 princi-

167 1253 305 1287 patuum
337 1256 399 1287 per
430 1243 579 1275 theoriae
604 1242 876 1287 consequentiam
904 1242 1143 1276 describamus.
1188 1241 1292 1283 Igitur

167 1305 252 1338 sicut
274 1305 307 1337 in
332 1307 456 1338 artibus
479 1304 586 1347 his‚⁷)
618 1317 702 1349 quae
727 1317 825 1337 manu
849 1304 1026 1349 adimpleri
1049 1304 1177 1342 solent,
1207 1303 1291 1335 ratio

167 1366 304 1411 quidem
330 1366 428 1411 quid,
454 1366 505 1397 vel
531 1366 690 1410 qualiter,
722 1366 774 1397 vel
799 1366 840 1398 ad
866 1378 950 1409 quos
974 1379 1051 1397 usus
1074 1366 1150 1405 fiat,
1184 1378 1292 1397 versa-

168 1438 223 1460 tur
254 1428 286 1460 in
317 1441 435 1467 sensu,
475 1427 621 1460 efficacia
662 1441 741 1460 vero
773 1427 884 1471 operis
915 1440 1072 1459 manuum
1105 1426 1290 1458 ministerio

169 1491 366 1534 explicatur:
398 1490 443 1522 ita
467 1490 500 1521 in
526 1489 684 1533 operibus
709 1488 792 1527 Dei,
824 1501 908 1532 quae
932 1489 972 1521 ab
997 1489 1070 1532 ipso
1095 1488 1179 1519 sacta
1204 1497 1291 1527 sunt,

167 1552 376 1583 sentiendum
403 1559 467 1591 est,
499 1551 589 1595 quod
615 1563 751 1590 eorum,
782 1563 865 1594 quae
890 1550 1040 1582 videmus
1064 1550 1104 1581 ab
1129 1563 1170 1581 eo
1196 1551 1293 1590 sacta,

169 1613 252 1645 ratio
293 1622 324 1645 ct
358 1611 575 1654 intelligentia
608 1620 718 1643 manet
749 1612 782 1643 in
815 1611 960 1644 occulto.
1008 1611 1051 1643 Et
1080 1611 1165 1644 sicut
1197 1611 1292 1654 ea,⁶)

169 1687 252 1719 quae
277 1675 317 1707 ab
343 1674 468 1706 artifice
493 1674 578 1705 facta
603 1682 693 1711 sunt,
720 1686 793 1705 cuin
822 1674 938 1705 oculus
964 1683 1077 1705 noster
1101 1672 1240 1712 viderit,
1265 1672 1292 1705 si

265 1821 294 1862 ¹)
319 1820 373 1853 Sic
403 1820 479 1854 Mss.
514 1819 606 1851 Alias
638 1820 685 1863 (v,
711 1832 738 1852 c.
769 1818 801 1850 in
827 1818 902 1851 edd.
930 1818 993 1861 M.)
1032 1817 1125 1862 „quis
1159 1830 1195 1849 ex
1227 1816 1291 1849 hoc

170 1866 276 1898 minus
295 1864 464 1897 eruditus“
484 1874 545 1898 etc.
563 1865 656 1897 R.—-
678 1863 745 1896 Cfr.
765 1864 816 1895 ed.
830 1864 961 1907 Redep.
979 1875 1052 1907 pag.
1065 1861 1141 1897 235.
1159 1862 1291 1896 not.2ss.

263 1922 296 1964 ²)
323 1922 360 1953 ln
392 1920 560 1965 prioribus
594 1921 670 1953 edd.
702 1921 749 1962 (ν.
775 1932 802 1952 c.
828 1920 905 1952 edd.
929 1919 996 1962 Μ.)
1028 1919 1145 1951 desunt
1176 1919 1291 1950 verba:

172 1967 227 2008 „id
253 1971 333 2007 est‚“
360 1975 392 1998 et
415 1978 496 2009 pro:
524 1965 712 2006 „edoceri,“
739 1964 876 2006 legitur:
903 1963 1071 2005 „doceri.“
1096 1964 1135 1996 R.

262 2024 296 2067 ³)
323 2023 392 2055 Cfr.
420 2023 430 2053 Ι
458 2022 544 2053 Pctr.
572 2022 614 2061 ΙΙ,
639 2022 668 2054 5.
695 2020 772 2054 coll.
798 2021 830 2054 4.
917 2020 949 2063 ⁴)
974 2020 1077 2052 Deut.
1102 2019 1191 2058 VIlI,
1215 2019 1245 2053 3.

264 2080 294 2120 ἦ)
320 2079 376 2111 Sic
400 2077 480 2109 Mss.
507 2076 599 2108 Alias
626 2078 672 2120 (v,
698 2090 726 2110 e.
750 2077 782 2109 in
807 2077 881 2110 edd.
909 2077 971 2119 M.)
998 2086 1051 2117 „et
1075 2076 1213 2118 docent,
1245 2085 1291 2108 at-

173 2138 237 2169 que
264 2124 431 2156 instruunt
455 2121 496 2153 ad
522 2122 664 2156 divina.²‘
691 2123 728 2154 R.

263 2180 296 2223 6)
321 2179 375 2212 sle
402 2179 481 2210 Mss.
506 2178 598 2210 Editi
623 2179 669 2220 (V.
695 2192 721 2210 c,
748 2179 823 2211 edd.
850 2179 914 2222 Μ.)
942 2177 1116 2218 „deinde.«
1144 2178 1182 2210 R.

262 2236 295 2279 7)
320 2235 421 2267 Deest
450 2233 538 2274 „hisu
567 2234 598 2265 in
625 2234 698 2266 edd.
726 2234 772 2266 M.

264 2293 296 2334 ⁵)
322 2292 423 2324 Deest
452 2294 529 2330 „eff
557 2290 588 2322 in
616 2291 691 2323 cdd.
719 2290 763 2323 M.
