1404 2463
395 131 440 153 DE
464 120 657 153 ancipns
682 119 791 151 Lmen
816 118 840 151 l.
1110 118 1170 152 111

61 213 190 252 dentur,
213 210 454 256 temporalibus
478 208 625 247 sacculis,
648 220 755 251 neque
780 208 813 239 in
838 207 903 246 his,
929 220 1010 250 quae
1035 220 1100 239 non
1127 208 1175 240 vi-

61 274 198 313 dentur,
238 283 271 305 et
302 282 431 305 aeterna
461 279 551 309 sunt,
592 269 722 313 penitus
746 282 820 313 pars
844 269 904 301 ista
929 270 969 300 ab
994 269 1050 300 illa
1076 269 1174 303 ctiam

60 334 150 366 finali
174 334 316 373 unitate,
348 343 446 378 atque
477 330 706 364 convenientia
738 330 948 373 discrepabit.
997 330 1176 374 lnteri¹n¹)

61 404 126 426 tani
151 395 185 427 in
209 395 268 434 his,
296 408 379 439 quae
404 394 567 432 videntur,
595 401 627 424 et
650 391 891 436 temporalibus
905 391 1054 430 saeculis,
1079 405 1175 436 quam

62 456 187 489 inillis
220 469 301 500 quae
332 469 400 488 non
433 455 586 486 videntur
616 463 648 485 et
679 463 810 486 aeterna
843 463 938 494 sunt,
977 466 1091 485 omnes
1124 453 1177 485 isti

61 531 123 561 pro
149 518 286 557 ordine,
316 530 379 561 pro
403 515 553 554 ratione,
577 527 639 559 pro
665 515 768 546 modo
795 524 826 546 et
853 514 1049 546 meritorum
1075 515 1179 556 digni-

62 580 184 611 tatibus
208 580 456 623 dispensantur:
486 586 523 609 ut
555 576 612 609 alii
643 576 675 608 in
705 576 838 620 primis,
870 576 927 609 alii
959 576 991 608 in
1016 575 1180 615 secundis,

62 641 215 672 nonnulli
239 640 338 672 etiam
362 639 396 671 in
419 635 547 670 ultimis
579 639 804 681 temporibus,
838 647 871 669 et
900 650 960 681 per
995 636 1120 682 majora
1145 649 1181 669 ac

64 703 210 744 graviora
236 702 311 746 (71)
334 700 509 745 supplicia,
533 713 594 732 nec
618 712 685 731 non
708 708 739 731 et
760 698 972 743 diuturna‚²)
997 712 1034 732 ac
1057 698 1181 737 multis,

64 773 101 796 ut
125 764 168 795 ita
194 764 312 803 dicam,
337 762 473 795 saeculis
498 761 659 800 tolerata,
693 760 916 805 asperioribus
940 760 1182 793 emendationi—

64 827 125 857 bus
148 825 302 869 reparati,
329 834 360 857 et
375 823 517 857 restituti
534 823 776 856 eruditionibus
794 823 903 866 primo
921 822 1086 864 angelicis,
1110 831 1181 854 tum

66 886 186 918 deinde
211 885 309 918 etiam
334 885 544 930 superiorum
556 885 589 928 ³)
621 886 781 926 graduum
807 884 1002 923 virtutibus,
1034 885 1112 928 εἴθ)
1138 883 1184 916 sic

65 960 127 992 per
150 947 275 989 singula
301 949 341 980 ad
368 946 538 991 superiora
564 946 714 990 provecti
739 959 842 990 usque
868 946 907 977 ad
936 958 982 985 ea,
1006 958 1090 990 quae
1109 954 1185 977 sunt

66 1008 245 1041 invisibilia
270 1018 303 1042 et
326 1017 468 1048 aeterna,
493 1007 696 1051 perveniant,
720 1007 854 1049 singulis
878 1006 1033 1039 videlicet
1052 1006 1187 1050 quibus-

69 1082 133 1114 que
163 1069 360 1101 coelestium
394 1069 554 1101 virtutum
587 1069 708 1101 officiis
741 1069 881 1112 quadam
913 1068 1139 1100 eruditionum
1153 1069 1185 1112 ⁵)

68 1131 181 1175 specie
203 1131 392 1175 peragratis.
438 1130 486 1162 Ex
512 1143 596 1175 quo,
627 1139 664 1162 ut
688 1130 827 1175 opinor,
865 1130 929 1162 hoc
954 1129 1188 1173 consequentia

71 1193 142 1236 ipsa
168 1192 298 1224 videtur
322 1192 515 1231 ostendere,
549 1194 816 1236 unamquamque
840 1191 1071 1224 rationabilem
1096 1199 1190 1223 natu·

70 1267 140 1285 ram
164 1266 262 1297 posse
287 1254 327 1285 ab
351 1266 418 1284 uno
443 1253 476 1285 iu
501 1254 641 1285 alterum
666 1253 818 1285 ordinem
836 1253 1104 1296 transeuntem⁶)
1129 1265 1190 1297 per

71 1315 219 1356 singulos
243 1314 276 1346 in
301 1327 434 1353 omnes,
468 1324 500 1346 et
529 1315 569 1346 ab
601 1315 755 1347 omnibus
779 1314 810 1346 in
835 1314 979 1356 singulos
1003 1313 1189 1358 pervenire,

73 1377 152 1408 dum
175 1388 322 1408 accessus
346 1376 558 1420 profectuum
591 1377 825 1408 defectuumve
858 1375 965 1407 varios
996 1389 1059 1420 pro
1089 1375 1191 1407 moti-

73 1439 134 1470 bus
158 1438 210 1470 vel
236 1437 408 1470 conatibus
438 1437 584 1481 propriis
607 1437 830 1482 unusquisque
854 1450 916 1482 pro
941 1436 1039 1470 liberi
1061 1436 1191 1469 arbitrii

72 1500 229 1532 facultate
256 1497 452 1543 perpetitur.

163 1560 194 1594 4.
242 1559 411 1603 Quoniam
442 1573 518 1593 sane
549 1560 691 1593 visibilia
721 1561 883 1605 quaedam
908 1560 990 1593 dicit
1014 1572 1082 1592 esse
1106 1560 1190 1592 Pau-

77 1622 128 1654 lus
153 1631 186 1654 et
208 1621 418 1665 temporalia,
441 1621 504 1653 alia
527 1634 606 1653 vero
630 1631 762 1666 praeter
785 1621 865 1654 haec
882 1621 1059 1653 invisibilia
1084 1630 1115 1653 et
1139 1633 1192 1653 ae·

77 1693 180 1723 terna,
205 1682 393 1728 quaerimus
418 1683 592 1727 quomodo
618 1684 708 1724 haec,
733 1696 815 1727 quae
839 1683 1001 1723 videntur,
1025 1691 1193 1726 tempora-

175 1794 205 1837 ¹)
231 1794 376 1827 Consule
400 1795 630 1837 Origenianor.
655 1795 712 1829 lib.
738 1796 781 1828 II.
812 1805 935 1839 quaest.
960 1795 1001 1828 V.
1025 1807 1115 1827 num.
1142 1793 1194 1828 14.

84 1850 116 1872 et
137 1839 192 1874 22.
220 1839 297 1872 coll.
322 1839 380 1872 lib.
404 1840 448 1872 ll.
473 1850 596 1884 quaest.
619 1841 678 1874 Xl.
702 1854 792 1873 num.
816 1842 846 1874 4.

173 1896 208 1939 2)
233 1895 301 1928 Cfr.
342 1894 570 1936 Origcniauor.
614 1897 672 1931 lib.
703 1897 745 1929 ll.
782 1905 904 1941 quaest.
928 1896 988 1929 XI.
1027 1907 1117 1927 num.
1141 1893 1194 1928 26.

85 1941 165 1973 coll.
193 1940 243 1972 cd.
269 1940 395 1983 Redep.
420 1952 492 1983 pag.
518 1941 582 1975 146
616 1951 685 1974 not.
709 1941 762 1976 38.

176 1998 208 2039 3)
235 1995 338 2027 Deest
366 1995 400 2027 in
433 1995 525 2028 libris
558 1997 654 2029 editis
685 1997 731 2039 (v.
757 2010 784 2030 c.
810 1996 885 2029 edd
910 1996 992 2041 M.,)
1016 1997 1072 2028 sed
1097 1995 1198 2027 habe-

85 2052 141 2074 tur
170 2042 202 2073 in
228 2040 382 2072 omnibus
408 2041 484 2073 Mss.
510 2054 748 2086 „superiorum
752 2045 770 2062 ‘⁶
795 2042 834 2074 R.

176 2097 209 2141 ⁴)
234 2097 308 2128 Edd
343 2097 391 2128 Μ.
418 2106 485 2137 „ut
490 2101 506 2116 “

178 2155 211 2197 ⁵)
236 2152 292 2186 Sic
322 2152 400 2184 Mss.
437 2153 527 2185 Male
560 2152 637 2186 alias
669 2153 712 2198 (v.
745 2168 771 2186 c
803 2153 836 2185 in
868 2154 941 2186 edd
967 2153 1034 2197 M.)
1070 2151 1199 2194 „erudi-

88 2199 178 2230 tione
203 2198 236 2230 in
261 2197 382 2241 specie.
387 2201 404 2218 “
430 2199 468 2230 R.

183 2254 216 2297 ⁶)
240 2253 296 2286 Sic
322 2253 398 2285 Mss.
426 2254 513 2286 Alias
538 2255 583 2299 (v.
610 2268 637 2287 c.
662 2254 694 2287 iu
714 2255 788 2288 edd.
803 2254 869 2299 Μ.)
895 2253 1064 2295 ‚,t1a1]siie‚
1087 2262 1119 2284 et
1144 2264 1203 2295 pei

89 2299 258 2341 singulos“
283 2308 342 2331 etc.
369 2299 408 2331 R
