1404 2463
387 99 431 121 nr:
458 88 649 122 Pmcmns
673 89 783 120 Lmen
811 87 849 119 ΙΙ.
1125 86 1187 120 189

74 178 202 218 omnia,
241 188 273 210 et
306 191 388 223 quae
421 178 517 216 sctit,
550 177 666 218 diligit.
715 179 798 210 Nam
824 189 898 209 cum
923 176 1096 208 invisibilis
1121 176 1186 208 Dei

70 239 142 284 ipse
166 239 208 272 sit
232 240 340 282 imago
364 239 549 278 invisibilis,
574 237 862 282 participationem
886 239 936 269 sui
960 237 1120 269 universis
1138 252 1187 269 ra-

69 300 286 334 tionabilibus
310 300 466 333 creaturis
490 299 700 332 invisibiliter
724 299 894 343 praebuit,
930 298 974 330 ita
998 308 1034 331 ut
1058 309 1190 331 tantum

69 376 107 395 ex
139 376 179 394 eo
212 363 436 407 unusquisque
468 361 635 406 participii
659 370 821 399 sumeret,
858 370 984 405 quanto
1010 373 1084 402 erga
1110 374 1184 392 eum

67 423 258 456 dilectionis
287 424 476 456 inhaesisset
505 424 639 455 affectu.
690 423 859 466 Verum¹)
897 435 973 454 cum
1003 423 1113 466 pro²)
1146 422 1186 454 li-

68 485 140 516 beri
164 484 290 517 arbitrii
314 485 469 517 facultate
496 485 634 517 varietas
657 497 929 529 unumquemque
953 497 991 516 ac
1015 483 1185 516 diversitas

69 545 234 578 habuisset
262 545 468 585 animorum,
500 556 537 578 ut
566 545 650 578 alius
680 547 886 587 ardentiore,
927 545 1009 578 alius
1032 545 1185 577 tenuiore

71 616 104 639 et
134 607 270 640 exiliore
301 620 374 649 erga
406 617 577 641 auctorem
614 621 709 640 suum
749 620 863 640 amore
901 615 1087 646 teneretur,
1127 606 1185 638 illa

70 668 193 708 anima,
218 670 258 701 de
284 682 347 714 qua
371 669 454 701 dixit
478 671 590 702 Jesus:
629 670 784 713 „Quia³)
814 681 914 700 nemo
940 668 1069 700 auferet
1091 681 1109 700 a
1134 681 1186 700 me

69 731 210 763 animam
236 735 389 763 meam:“
430 733 470 763 ab
495 731 589 763 initio
620 741 789 763 creaturae
821 740 853 762 et
876 730 1035 774 deinceps
1059 730 1187 773 insepa-

67 791 217 824 rabiliter
250 792 281 825 ei
312 802 411 837 atque
443 792 735 825 indissociabiliter
762 792 950 831 inhaerens,
989 801 1106 836 utpote
1138 805 1186 824 sa-

68 852 231 896 pientiae,
265 864 298 887 et
328 856 431 887 verbo
456 854 587 898 Dei‚⁴)
620 863 652 886 et
677 853 822 892 veritati,
854 866 890 885 ac
917 853 982 885 luci
1006 866 1121 894 verae,
1154 862 1187 884 et

18 926 19 930 ¹
68 923 140 947 tota
162 924 272 947 totum
296 916 470 960 recipiens,
494 926 592 960 atque
618 915 651 947 in
676 914 745 960 ejus
770 915 878 947 lucem
902 915 1185 958 splendoremque

67 975 138 1020 ipsa
163 977 299 1017 cedens,
333 977 421 1010 fat-ta
446 987 493 1010 est
517 991 591 1010 cum
617 977 690 1021 ipso
714 976 988 1020 principaliter⁵)
1011 988 1095 1007 unus
1119 976 1186 1019 spi-

66 1037 168 1079 ritus,
197 1038 282 1071 sicut
313 1049 345 1072 et
376 1038 547 1082 apostolus
579 1038 646 1078 his,
682 1040 737 1082 qui
770 1051 840 1069 eam
866 1037 988 1069 imitari
1014 1038 1185 1076 deberent,

17 1143 19 1151 Ι
66 1099 253 1143 promittit,
284 1101 405 1145 quiafi)
431 1099 508 1145 „qui
539 1113 571 1132 se
603 1099 709 1145 jungit
734 1099 901 1138 Domino,
936 1112 1019 1130 unus
1050 1098 1185 1142 spiritus

11 1175 19 1187 v
68 1165 147 1193 est.“
195 1161 266 1194 Hac
298 1175 373 1203 ergo
405 1161 587 1194 substantia
619 1160 747 1193 animae
781 1161 867 1193 inter
891 1161 1002 1193 Deum
1035 1173 1183 1191 carnem-

69 1235 132 1267 que
164 1223 348 1255 mediante:
375 1243 415 1249 —-
439 1236 507 1254 non
539 1223 625 1254 enim
657 1222 814 1266 possibile
847 1231 915 1253 crat
939 1221 1005 1253 Dei
1033 1231 1183 1253 naturam

68 1284 205 1328 corpori
236 1285 304 1317 sine
336 1285 520 1317 mediatore
543 1284 692 1316 misceri:
718 1306 760 1312 —
785 1283 945 1322 nascitur,
973 1292 1009 1314 ut
1034 1282 1184 1321 diximus,

68 1345 160 1377 Deus
184 1345 298 1386 homo,
323 1345 380 1378 illa
404 1346 582 1378 substantia
605 1345 712 1377 media
729 1343 761 1388 ⁷)
787 1345 971 1383 exsistente,
999 1344 1050 1376 cui
1068 1344 1183 1388 utique

69 1416 183 1439 contra
215 1417 365 1440 naturam
396 1420 465 1440 non
497 1416 564 1439 erat
597 1419 717 1450 corpus
749 1419 922 1439 assumere.
977 1406 1045 1439 Sed
1075 1419 1183 1450 neque

16 1489 18 1495 .
66 1482 176 1501 rursus
209 1468 314 1501 anima
347 1468 420 1508 illa,
454 1478 571 1513 utpote
603 1467 781 1500 substantia
812 1467 1033 1507 rationabilis,
1070 1477 1185 1499 contra

165 1621 195 1662 ¹)
218 1619 353 1651 Exstant
385 1619 464 1651 haec
496 1620 594 1651 verba
625 1619 713 1663 apud
738 1618 981 1663 Hieronymum
1005 1617 1039 1650 in
1065 1630 1116 1661 ep.
1142 1617 1183 1648 ad

70 1663 159 1696 Avit.
184 1677 256 1708 pag.
282 1663 357 1699 763.
383 1665 470 1696 hune
493 1664 526 1696 in
551 1665 706 1696 modum:
733 1663 854 1704 „Nulla
877 1663 940 1695 alia
956 1663 1076 1701 anima,
1099 1675 1182 1706 quae

69 1709 112 1741 ad
144 1721 264 1753 corpus
298 1710 469 1741 descendit
494 1709 693 1747 humanum,
730 1721 846 1753 puram
873 1717 906 1740 et
929 1720 1116 1749 germanam
1142 1707 1183 1738 si-

69 1753 293 1785 militudinem
316 1753 399 1795 sigui
423 1754 456 1786 in
480 1767 513 1786 se
538 1754 658 1798 prioris
683 1753 858 1797 expressit,
881 1753 942 1786 nisi
965 1752 1041 1791 illa,
1064 1753 1104 1784 de
1121 1764 1184 1796 qua

69 1798 222 1832 Salvator
251 1799 414 1842 loquitur:
446 1801 546 1832 Nemo
571 1800 662 1832 tollet
685 1801 834 1832 animam
856 1810 961 1831 meam
987 1810 1009 1830 a
1030 1810 1097 1838 me,
1128 1798 1186 1830 sed

68 1856 125 1887 eqo
147 1855 232 1888 pono
255 1856 327 1877 eam
351 1856 373 1876 a
396 1856 444 1877 me
467 1847 570 1888 ‘ipsof‘

161 1898 195 1942 ²)
220 1898 277 1931 Sic
301 1899 381 1931 Mss.
405 1899 496 1931 Alias
521 1902 566 1943 (v.
593 1912 619 1932 c.
644 1898 677 1930 in
703 1899 777 1931 edd.
795 1898 858 1940 M)
885 1898 977 1930 deest
1002 1900 1117 1941 „pr0.⁴‘
1146 1896 1183 1929 R.

159 1954 192 1997 3)
217 1954 278 1987 Ed.
303 1955 351 1987 M.
377 1955 418 1987 ll.
445 1953 601 1997 „Quod.“
628 1975 668 1980 —
693 1954 760 1986 Csr.
785 1967 834 1986 εν.
857 1954 977 1987 Joann.
1002 1954 1044 1993 X,
1071 1954 1122 1988 18.

158 2011 191 2053 ⁴²)
215 2010 320 2042 Deest
343 2009 449 2050 „Dei“
474 2010 507 2041 in
533 2010 608 2043 edd.
634 2011 679 2042 M.
713 2029 755 2034 —-
794 2009 880 2042 Vide
913 2011 969 2043 lib.
996 2011 1035 2044 ll.
1067 2009 1184 2051 Orige-

68 2056 192 2088 nianor.
219 2064 342 2099 quaest.
370 2055 425 2087 lll.
450 2068 529 2086 num
564 2053 595 2088 6.

160 2111 192 2154 ⁵)
219 2111 286 2143 Csr.
313 2111 363 2143 ed.
390 2111 516 2154 Redep.
542 2124 615 2155 pag.
638 2110 710 2145 196.
735 2120 804 2145 not.
829 2111 883 2146 20.

161 2166 196 2208 ⁶)
219 2165 285 2199 Ed.
312 2166 357 2199 Μ.
385 2167 433 2206 ΙΙ..
451 2168 597 2211 „quod.“
624 2185 663 2190 —
691 2167 701 2198 l
729 2167 806 2200 Cor.
831 2168 885 2207 Vl,
912 2167 962 2201 17.

127 2265 135 2272 ο
157 2220 191 2265 ⁷)
216 2222 321 2254 Deest
344 2222 378 2254 in
401 2232 495 2255 antea
520 2223 616 2255 editis
642 2225 688 2267 (v.
713 2235 740 2255 c.
760 2224 834 2257 cdd.
854 2224 929 2267 M.)‚
955 2223 1103 2268 quamvis
1128 2235 1179 2254 re-

66 2275 212 2309 periatur
235 2267 267 2299 in
292 2268 445 2299 omnibus
471 2269 548 2301 Mss.
575 2268 736 2309 ‚,media.“
764 2269 800 2300 R.
