1404 2463
427 128 473 150 DE
497 117 692 150 ancwns
716 117 828 149 Lmen
854 116 908 149 lV.
1174 116 1239 150 427

112 207 272 250 telligitur
295 216 404 240 tamen
431 208 522 252 quod
549 207 648 239 lateat
674 206 764 251 quid.
805 207 847 238 Αῑ
871 218 950 238 vero
978 206 1139 249 epistolae
1158 219 1238 250 apo-

111 270 293 308 stolorum,
325 281 408 313 quae
435 268 570 313 quidem
588 269 616 311 ¹)
644 267 801 300 videntur
825 267 990 312 aliquibus
1015 281 1083 300 esse
1109 267 1241 312 planio-

112 344 179 370 res,
211 344 321 363 nonne
354 340 420 362 tarn
444 329 622 374 profundis
648 330 796 374 repletae
821 338 896 361 sunt
920 329 1088 368 sensibus,
1119 339 1164 361 ut·
1183 344 1242 373 prr

113 405 166 425 eas
191 392 251 431 his,
279 392 335 436 qui
360 402 498 436 possunt
523 391 711 433 intelligere
737 391 868 423 divinae
892 391 1073 435 sapientiae
1097 404 1240 428 sensum,

113 453 206 498 quasi
238 466 300 497 per
330 455 430 485 breve
456 454 625 498 quoddam
651 453 920 497 receptaculum,
949 452 1132 485 immensae
1157 453 1241 484 lucis

113 515 244 547 claritas
268 515 422 548 videatur
445 514 602 547 infundi?
639 514 737 547 Unde
763 513 920 558 quoniam
953 514 1033 546 haec
1057 514 1103 546 ita
1127 527 1160 546 se
1186 515 1239 545 ha-

114 578 210 619 bent,
247 586 279 609 et
303 577 400 608 multi
426 586 500 608 sunt
526 576 583 620 qui
607 576 641 608 in
668 577 728 608 liae
753 576 816 607 vita
842 585 968 614 errant,
1004 588 1071 607 nou
1097 576 1242 608 arbitror

115 650 185 671 esse
208 638 278 670 sine
302 637 581 681 periculo.{acile
606 637 830 682 pronunciare
855 649 1055 681 quemquam
1074 649 1170 669 nosse
1188 637 1241 668 vel

115 699 346 743 intelligere2)
374 712 427 738 ea,
463 712 546 743 quae
578 709 611 731 ut
646 698 767 743 aperiri
792 699 937 743 possint,
968 697 1125 729 scientiae
1151 698 1240 730 clave

115 773 201 805 opus
228 770 292 801 est3
324 773 424 805 quam
449 760 575 792 clavem
602 761 734 793 dicebat
758 761 912 793 Salvator
936 773 1005 792 esse
1030 760 1119 803 apud
1145 759 1242 800 legis-

115 821 252 866 peritos.
302 822 336 854 ln
368 820 432 853 hoc
464 823 558 862 loco,
596 822 675 854 licet
698 835 760 867 per
783 835 950 854 excessum
978 822 1161 865 quendam,
1192 821 1243 853 in-

115 883 315 928 quirendum
340 884 381 914 ab
407 884 455 916 his
479 893 588 916 tamen
615 893 710 927 puto,
736 884 792 927 qui
818 883 944 921 dicunt,
969 884 1061 927 quod
1086 892 1162 915 ante
1186 884 1244 915 ad-

117 954 250 977 ventum
276 945 459 977 salvatoris
483 957 551 976 non
578 954 646 976 erat
671 945 788 977 veritas
813 945 901 988 apud
927 957 1003 984 cos,
1028 945 1084 989 qui
1110 946 1143 977 in
1170 947 1242 987 lege

115 1007 348 1048 versabantur,
372 1006 546 1050 quomodo
570 1019 587 1038 a
612 1006 765 1038 Domino
790 1015 905 1038 nostro
929 1007 1010 1039 Jesu
1036 1007 1169 1040 Christo
1195 1010 1244 1043 di-

117 1078 227 1109 catur,
262 1067 337 1112 quia
351 1068 382 1111 3)
409 1068 516 1100 claves
547 1067 702 1100 scientiae
728 1068 816 1112 apud
841 1067 919 1099 illos
945 1067 1024 1107 sint,
1056 1069 1113 1113 qui
1138 1070 1243 1104 libros

117 1130 358 1175 prophetarum
390 1138 421 1161 et
448 1128 527 1170 legis
552 1129 717 1161 habebant
740 1129 774 1161 in
799 1128 960 1164 manibus,
1009 1130 1053 1162 lta
1080 1130 1167 1163 enim
1194 1132 1243 1164 di-

118 1193 182 1225 xit:
219 1193 308 1233 „Vae
322 1191 354 1235 ⁴)
381 1190 494 1230 vobis,
532 1190 611 1232 legis
636 1191 851 1228 doctoribus,
884 1190 941 1234 qui
966 1190 1086 1223 tulistis
1116 1193 1242 1224 clavem

119 1253 295 1286 scientiae:
331 1251 394 1296 ipsi
425 1264 492 1284 non
525 1251 704 1291 introistis,
740 1261 773 1284 ct
804 1252 953 1283 volentes
983 1251 1106 1285 intrare
1129 1254 1243 1298 prohi-

118 1314 269 1348 buistis.“

208 1376 261 1410 11.
302 1375 401 1419 (168)
427 1375 564 1414 Verum,
590 1383 626 1406 ut
651 1374 763 1406 dicere
787 1387 1016 1418 coeperamus,
1039 1375 1137 1416 viam,
1161 1390 1244 1421 quae

119 1438 218 1470 nobis
249 1438 382 1470 videtur
414 1445 502 1467 recta
534 1448 604 1467 esse
636 1436 678 1467 ad
708 1436 939 1477 intelligendas
970 1436 1176 1481 Scripturas,
1213 1448 1246 1470 et

119 1512 250 1532 sensum
276 1511 389 1530 earum
415 1496 665 1540 requirendum,
690 1497 881 1541 hujusmodi
900 1511 968 1530 esse
984 1499 1016 1542 ⁵)
1034 1499 1245 1540 arbitramur,

118 1560 206 1594 sicut
229 1562 270 1592 ab
294 1560 364 1604 ipsa
387 1558 606 1591 nihilominus
630 1558 813 1601 Scriptura,
838 1559 982 1603 qualiter
1004 1560 1046 1592 de
1070 1573 1106 1592 ea
1132 1561 1247 1594 sentiri

122 1622 299 1664 debean&
326 1622 498 1652 docemur.
537 1620 638 1663 Apud
663 1620 882 1653 Salomonem
909 1620 1093 1654 invenimus
1111 1622 1144 1654 in
1162 1623 1246 1655 Pro-

121 1682 243 1715 verbiis
287 1683 352 1714 tale
392 1681 519 1726 aliquid
560 1682 600 1713 de
637 1681 767 1713 divinae
805 1682 998 1726 Scriptus-ae
1036 1685 1245 1717 observantia

120 1743 283 1789 praecipi.
333 1744 397 1786 „Et
411 1743 442 1786 ⁷)
467 1752 520 1782 tu,
546 1742 670 1787 inquit,
702 1743 852 1775 describe
878 1744 937 1777 tihi
963 1744 1043 1776 haec
1066 1745 1246 1790 tripliciter

121 1805 153 1838 in
180 1804 382 1849 consili0,⁸)
409 1813 441 1836 et
465 1804 613 1843 scientia,
640 1814 672 1836 et
695 1813 733 1836 ut
756 1806 958 1848 respondeas
985 1807 1083 1839 verba
1101 1807 1246 1842 veritatis

215 1962 245 2004 ¹)
271 1961 374 1992 Deest
402 1961 580 2004 „quidem“
610 1961 642 1992 in
669 1961 744 1993 edd.
770 1962 818 1994 M.

215 2018 249 2060 ²)
273 2017 335 2049 Ed.
362 2018 408 2050 M.
438 2017 459 2048 l.
487 2016 711 2058 „intelligerez
737 2026 774 2049 ut
799 2021 856 2050 ea“
883 2028 947 2051 etc.

216 2073 249 2115 ³)
274 2072 337 2104 Ed.
364 2071 411 2103 M.
439 2073 481 2106 11.
509 2073 654 2116 „qu0d.“
761 2075 795 2116 4)
822 2075 901 2107 Luc.
927 2076 986 2115 Xl,
1014 2076 1065 2109 52.

215 2129 248 2172 ⁵)
275 2129 381 2161 Deest
407 2132 518 2168 „esse“
545 2129 577 2160 in
603 2129 678 2166 cdd,
709 2129 755 2161 M.

216 2184 250 2228 ⁶)
281 2184 368 2216 Edd.
397 2184 446 2230 Μ.
473 2185 642 2225 „deceat.“

215 2240 247 2284 7)
273 2240 344 2273 Cfr.
367 2240 467 2273 prov,
490 2240 601 2279 XXlI,
625 2240 678 2274 20.
702 2241 756 2275 21.

217 2297 253 2339 ⁹)
277 2296 342 2329 Ed.
367 2297 415 2329 M.
440 2296 465 2328 I.
490 2308 686 2340 perperam:
714 2297 916 2338 „concilio.“
