1404 2463
457 111 503 133 DE
527 101 724 136 Pfflmcmus
747 102 821 134 Lm.
850 101 906 135 lv.
1193 103 1260 139 465

116 189 178 222 nisi
212 189 289 234 quia
303 189 337 234 ²)
369 189 433 223 suit
464 190 667 235 aliquande,
704 192 839 235 quando
874 191 996 225 veritas
1029 205 1098 225 non
1127 194 1256 238 erat‚²)

116 251 251 294 quando
277 250 440 295 sapientia
463 264 532 284 non
558 260 639 292 erat,
665 253 802 296 quando
822 252 889 285 vita
905 266 974 285 non
991 253 1151 299 fuerit‚³)
1179 267 1255 287 cum

115 311 149 343 in
180 311 230 344 his
263 312 423 345 omnibus
455 312 607 356 perfecte
630 312 698 344 Dei
730 313 833 356 patris
863 314 1046 348 substantia
1071 325 1256 349 censeatur.

113 373 192 405 Non
222 373 312 405 enim
344 375 385 406 ab
418 387 459 406 eo
492 372 607 406 dirimi
640 373 739 414 haec,
774 375 828 407 vel
860 376 902 407 ab
933 375 1003 421 ejus
1027 386 1170 420 possunt
1193 390 1256 409 un-

114 446 214 477 quam
245 434 429 467 substantia
461 434 619 478 separari.
669 434 767 478 Quae
801 436 939 480 quidem
971 437 1123 481 quamvis
1155 437 1255 471 intel-

112 494 205 527 lectu
235 495 342 528 multa
375 508 445 528 esse
480 495 652 538 dicantur,
686 509 724 528 re
748 505 860 529 tamen
886 507 919 530 et
942 497 1126 531 substantia
1149 511 1255 532 unum

112 565 208 599 sunt,
247 556 282 589 in
317 555 440 600 quibus
475 555 657 600 plenitudo
695 567 745 589 est
781 557 971 591 divinitatis.
1026 559 1104 592 Hoc
1140 569 1255 593 autem

111 616 241 662 ipsum,
276 618 369 662 quod
403 617 566 661 dicimus,
601 617 678 661 quia
702 631 875 663 nunquam
900 620 983 661 fuit,
1021 620 1157 664 quando
1183 634 1252 653 non

110 678 194 719 suit,
233 692 309 711 cum
342 678 437 711 venia
470 679 678 711 audiendum
713 688 772 712 est.
820 680 905 713 Nam
931 689 965 712 et
988 680 1070 713 haec
1094 680 1168 726 ipsa
1190 695 1254 714 no-

110 739 200 772 mina
239 740 437 785 temporalis
470 739 627 773 vocabuli
657 739 914 782 significantiam
945 750 1082 783 gerunt,
1122 742 1158 775 id
1190 752 1251 783 est,

111 801 247 845 quando
281 802 335 834 vel
360 802 599 847 nunquam;⁴)
624 813 724 845 supra
751 813 852 833 omne
883 811 994 834 autern
1026 811 1180 847 tempus,
1217 813 1252 836 et

108 875 211 906 supra
236 862 350 895 omnia
373 864 518 903 saecula,
546 871 579 895 et
602 875 702 906 supra
729 874 868 894 omnem
892 862 1125 896 aeternitatem
1150 863 1251 897 intel-

109 922 242 965 ligenda
269 933 348 956 sunt
378 937 435 967 ea,
477 936 560 969 quae
600 923 642 955 de
677 923 777 954 Patre
810 932 844 954 et
859 923 891 964 ⁵)
923 923 1015 956 Filio
1056 933 1090 957 et
1120 925 1251 969 Spiritu

107 994 224 1018 sancto
250 985 417 1019 dicuntur.
443 986 535 1018 Haec
561 984 651 1017 enim
668 983 741 1016 sola
755 983 902 1017 Trinitas
920 994 981 1027 est,
1007 998 1093 1030 quae
1111 999 1249 1020 omnem

106 1048 242 1079 sensum
266 1046 507 1088 intelligentiae
532 1057 599 1078 non
624 1043 736 1077 solum
761 1044 978 1089 temporalis,
1002 1059 1119 1080 verum
1148 1047 1250 1081 etiam

109 1107 285 1140 aeternalis
320 1107 462 1140 excedit.
511 1107 632 1139 Cetera
661 1119 741 1138 vero
775 1119 859 1150 quae
886 1116 964 1139 sunt
988 1116 1080 1141 extra
1103 1108 1251 1142 Trinita-

108 1179 195 1209 tem,
227 1169 260 1201 in
293 1169 435 1202 saeculis
462 1178 496 1201 et
522 1168 556 1200 in
582 1167 794 1212 temporibus
819 1168 989 1201 metienda
1013 1178 1102 1204 sunt.
1149 1169 1250 1204 Hunc

108 1230 210 1273 igitur
238 1230 367 1263 Filium
401 1229 487 1269 Dei,
522 1230 709 1262 secundum
748 1222 841 1273 quod
880 1230 1022 1262 verbum
1062 1239 1111 1263 est
1144 1229 1250 1272 Deus,

109 1292 205 1337 quod
236 1288 354 1335 erat⁶)
379 1291 414 1324 in
446 1290 616 1336 principio
642 1291 733 1335 apud
757 1291 891 1331 Deum,
914 1303 1016 1323 nemo
1042 1304 1251 1337 consequen-

108 1350 209 1396 tex-⁷)
233 1352 367 1397 putabit
398 1353 432 1385 in
466 1353 545 1384 loco
571 1351 686 1397 aliquo
714 1351 898 1392 contineri,
928 1364 1040 1396 neque
1063 1355 1249 1387 secundum

108 1414 204 1459 quod
229 1413 392 1458 sapientia
418 1423 478 1454 est,
502 1426 613 1458 neque
636 1413 825 1446 secundum
852 1413 944 1457 quod
970 1412 1090 1446 veritas
1107 1424 1168 1455 est,
1191 1429 1250 1449 ne-

109 1480 176 1520 'que
200 1475 388 1508 secundum
412 1476 506 1520 quod
530 1475 598 1507 vita
622 1484 681 1515 est,
706 1474 760 1507 vel
785 1473 921 1519 justitia,
947 1474 1000 1506 vel
1016 1475 1248 1518 sanctificatio,

107 1537 162 1569 vel
190 1536 382 1569 redemtio:
413 1537 496 1569 haec
528 1536 618 1568 enim
655 1534 770 1567 omnia
800 1547 870 1567 non
901 1534 1052 1577 indigent
1081 1537 1180 1578 loco,
1210 1548 1249 1571 ut

102 1611 206 1641 *agere
236 1597 319 1642 quid
344 1598 396 1630 vel
423 1597 558 1642 operari
582 1596 730 1641 possint,
762 1596 821 1629 sed
846 1609 910 1640 pro
935 1596 1003 1637 his,
1036 1597 1094 1641 qui
1118 1598 1248 1632 virtutis

110 1659 181 1704 ejus
217 1659 532 1703 inoperationisque
567 1657 793 1703 participant,
833 1657 916 1690 haec
954 1657 1086 1700 singula
1121 1659 1249 1693 intelli-

110 1722 216 1763 genda
240 1730 327 1754 sunt.

196 1781 252 1817 29.
301 1781 339 1814 Si
370 1794 451 1814 vero
486 1781 559 1826 quis
592 1780 682 1813 dicet
711 1792 773 1825 per
810 1793 886 1822 eos,
926 1779 1031 1824 quiss)
1067 1780 1249 1825 participes

108 1852 185 1875 sunt
209 1842 303 1874 verbi
328 1842 415 1883 Dei,
440 1842 494 1875 vel
519 1841 703 1886 sapientiae
729 1840 819 1887 ejus,
844 1841 897 1874 vel
923 1840 1092 1881 veritatis,
1123 1842 1175 1874 vel
1202 1842 1250 1874 vi-

206 2005 238 2048 ¹)
262 2005 326 2037 Ed.
351 2005 400 2037 M.
425 2004 467 2037 Π.
496 2004 645 2048 ,‚quod.“
743 2003 777 2048 ²)
803 2003 890 2037 Edd.
916 2003 965 2036 Μ.
990 2003 1156 2045 „fuerat.“

200 2061 235 2104 ³)
261 2061 349 2094 Edd.
375 2059 426 2094 M.
455 2060 620 2101 „fuerat.“
718 2058 753 2103 ⁴²)
780 2059 843 2091 Ed.
869 2059 918 2092 Μ,
944 2060 969 2091 Ι.
997 2063 1201 2104 ,‚unquam.“

201 2117 234 2160 ⁵)
260 2117 392 2148 Desunt
417 2115 449 2147 in
476 2116 553 2149 edd.
579 2117 630 2150 M.
655 2116 776 2151 verba:
803 2124 859 2157 „et
882 2115 1008 2148 Ῑῗὶὶίοᾳιι

201 2173 236 2216 ⁶)
260 2173 369 2204 Deest
395 2175 507 2214 „erat“
532 2173 566 2205 in
592 2172 668 2205 edd.
693 2172 742 2204 M.
769 2190 810 2196 —
837 2171 908 2204 Cfr.
934 2183 985 2204 ev.
1006 2172 1128 2204 Joann.
1154 2172 1181 2211 I,
1208 2173 1236 2206 1.

201 2228 235 2272 7)
262 2228 319 2261 Sic
344 2225 423 2260 Mssss
449 2227 543 2260 Editi
575 2240 655 2260 vero
689 2228 735 2271 (ν.
760 2240 788 2259 c.
814 2227 892 2260 edd.
917 2227 986 2271 Μ.)
1024 2226 1249 2268 „convenien-

109 2277 192 2307 ter.“.
213 2274 259 2307 R.
354 2274 388 2317 ⁸)
415 2273 484 2306 Cir.
512 2274 563 2306 ed.
588 2273 719 2317 Redep.
744 2284 818 2316 pag.
843 2270 919 2307 370.
946 2281 1018 2304 not.
1046 2272 1099 2307 19.

154 2340 333 2374 Omcssms
361 2341 500 2374 OPERA.
527 2340 624 2374 Tom.
651 2339 748 2372 XXI.
836 2346 840 2350 ·
1008 2339 1053 2374 30
