1404 2463
413 120 458 143 DE
484 109 675 143 ancmns
699 108 811 140 ann
836 107 858 139 Ι.
1158 107 1201 141 25

76 198 169 232 illam
199 199 413 244 scripturam,
453 198 708 240 intelligendum
741 206 789 229 est
822 195 916 240 quod
947 195 1046 238 dixit;
1082 197 1117 230 id
1143 207 1201 237 est,

76 273 143 293 non
160 261 190 305 ¹)
215 274 248 294 se
274 263 341 295 tale
366 275 506 306 corpus,
537 259 634 304 quale
664 258 787 290 hahent
811 258 1010 297 daemones,
1035 260 1127 303 quod
1150 268 1201 308 est

76 322 272 355 naturaliter
305 322 446 361 subtile,
485 330 517 353 et
542 321 633 352 velut
657 331 736 351 aura
761 327 878 358 tenue,
913 328 946 351 et
970 329 1111 363 propter
1136 321 1201 353 hoc

76 383 130 414 vel
152 384 332 428 putenm-²)
363 396 381 415 a
411 381 524 414 multis
556 381 609 413 vel
642 380 764 413 dicitur
787 380 1037 424 incorporeum,
1063 382 1121 413 sed
1146 382 1202 414 ha-

73 444 153 476 bere
177 457 211 476 se
237 457 356 488 corpus
380 443 526 476 solidum
551 441 633 486 et3)
658 442 838 486 palpabile.
889 442 924 474 lu
956 443 1198 475 consuetudine

73 516 152 537 vero
177 505 348 537 hominum
374 517 473 537 omne
504 504 596 549 quod
627 503 693 536 tale
716 516 784 535 nou
808 502 928 542 fuerit,
958 503 1197 547 incorporeum

74 566 380 611 simplicioribus⁴)
417 566 469 598 vel
505 564 772 610 imperitioribus
810 564 1020 597 nominatur:
1058 565 1148 597 velut
1172 565 1199 598 si

74 627 146 671 quis
182 631 291 660 aerem
327 627 460 667 istum,'
482 639 549 671 quo
582 625 742 666 fruimur,
782 626 1020 671 incorporeum
1053 626 1197 671 dicat,⁵)

75 687 346 733 quandoquidem
379 698 446 720 nou
477 697 525 720 est
555 687 622 720 tale
656 701 793 732 corpus,
825 697 862 720 ut
893 687 1134 732 comprehendi
1160 701 1198 720 ac

73 749 177 781 teneri
202 749 319 794 possit,
342 749 541 794 urgentique
566 749 732 782 resistere.

159 810 190 845 9.
238 811 446 854 Quaeremus
476 821 587 843 tamen
621 811 648 843 si
682 812 734 843 vel
766 811 833 844 alio
864 810 1000 844 nomine
1031 824 1082 843 res
1113 811 1194 856 ipsa,

71 884 169 916 quam
194 872 300 914 graeci
323 872 519 917 philosophi
544 870 751 916 ἀσώματον,
767 872 799 916 ⁶)
825 871 859 904 id
885 882 933 905 est
951 872 1198 917 incorpoream,

73 934 202 974 dicunt,
232 933 267 966 in
297 933 480 978 Scripturis
512 933 632 966 sanctis
664 932 843 966 invenitur.
898 935 991 966 Deus
1006 934 1037 978 ⁷)
1063 948 1197 979 quoque

72 994 190 1039 ipse⁸)
214 996 388 1040 quomodo
414 994 558 1036 intelligi
584 995 721 1035 debeat,
761 994 997 1039 inquirendum
1023 1005 1087 1035 est,
1125 1010 1198 1029 cor-

69 1069 211 1100 poreus,
247 1066 279 1090 et
292 1059 324 1102 9)
349 1058 533 1090 secundum
557 1056 703 1101 aliquem
735 1056 884 1089 habitum
909 1057 1133 1098 deformatus,
1157 1071 1200 1091 au

72 1118 206 1150 alterius
219 1128 365 1157 naturae,
391 1131 490 1162 quam
506 1130 650 1162 corpora
667 1126 762 1149 sunt:
789 1118 879 1161 quod
903 1118 1019 1163 utique
1044 1118 1077 1151 in
1102 1133 1198 1164 prae-

73 1178 240 1211 dicatione
264 1189 378 1212 nostra
402 1179 577 1212 manifeste
607 1191 675 1210 uon
708 1178 907 1220 designatur.
960 1179 1087 1212 Eadem
1113 1195 1198 1226 quo-

72 1254 136 1285 que
152 1240 203 1284 ¹⁰)
230 1240 329 1273 etiam
355 1241 395 1273 de
420 1241 552 1273 Christo
584 1249 616 1272 et
641 1241 681 1272 de
707 1239 836 1283 Spiritu
859 1249 973 1272 sancto
996 1242 1196 1286 requirenda

69 1312 161 1334 sunt:
186 1303 244 1334 sed
269 1310 303 1334 et
325 1303 366 1335 (le
392 1301 483 1334 omni
515 1301 640 1341 anima,
676 1310 775 1345 atque
807 1301 899 1333 omni
922 1302 1116 1336 rationabili
1139 1318 1196 1338 na-

70 1373 143 1396 tura
166 1362 383 1396 nihilominus
407 1363 645 1408 requirendum
671 1371 728 1395 est.

161 1424 212 1459 10.
257 1424 339 1457 Est¹
355 1426 385 1470 ¹)
410 1424 508 1458 etiam
533 1424 620 1457 illud
642 1425 674 1457 in
697 1423 919 1457 ecclesiastica
933 1425 1195 1469 praedicatione,

162 1586 192 1630 ¹)
219 1586 265 1618 lta
290 1587 367 1619 Mss.
407 1586 495 1619 Alias
525 1586 572 1631 (v,
605 1599 632 1619 c.
657 1585 691 1619 in
723 1585 797 1618 edd.
823 1585 888 1630 Μ.)
921 1598 1009 1627 „non
1034 1600 1104 1621 esse
1128 1589 1194 1622 tale

73 1635 226 1676 corpus.“
252 1632 293 1664 R.

163 1688 197 1731 ²)
222 1687 277 1721 Sic
301 1688 383 1721 Mss.
422 1686 513 1718 Alias
540 1687 587 1732 (v.
605 1700 631 1721 c.
644 1686 678 1718 in
693 1686 769 1719 edd.
783 1686 850 1730 M)
877 1685 1114 1732 „imputatur.“
1130 1692 1170 1725 R.

161 1742 196 1786 ³)
219 1742 304 1775 Edd.
329 1743 377 1776 M.
405 1742 511 1784 „vel.“

70 1842 91 1873 b
162 1797 195 1841 ⁴¹)
220 1798 305 1831 Edd.
338 1799 386 1831 M.
420 1797 475 1839 „in
505 1797 785 1843 simplicioribus,
826 1798 879 1830 vel
910 1798 943 1830 in
974 1799 1192 1844 imperitiori-

94 1845 158 1873 us“
185 1851 248 1876 etc.

164 1897 196 1941 ⁵)
222 1897 284 1933 Ed.
305 1898 354 1930 M.
379 1898 400 1931 I.
431 1899 549 1940 „dicat.
600 1898 786 1943 Quomodo
812 1898 949 1943 quidem
972 1914 1040 1934 non
1065 1907 1146 1936 est.“

164 1953 198 1996 ὃ)
223 1953 308 1985 Edd.
331 1954 380 1987 M.
403 1954 609 2000 ἅσωμάτην.

165 2009 198 2052 ⁷)
222 2008 308 2041 Vide
333 2008 563 2051 Origenianor.
588 2011 645 2045 lib.
672 2013 714 2044 ll.
739 2021 863 2056 quaest.
884 2013 911 2045 I.
936 2026 1026 2048 num.
1045 2015 1075 2049 5.
1099 2030 1190 2062 seqq.

166 2063 200 2108 8)
224 2064 329 2096 Deest
355 2063 466 2109 „ipse“
491 2066 525 2099 in
551 2068 625 2100 edd.
649 2067 697 2101 M.
791 2067 824 2112 9)
849 2068 934 2101 Edd.
960 2070 1007 2102 M.
1034 2077 1128 2112 „anst

145 2119 198 2163 ¹⁰)
224 2119 310 2152 Edd.
335 2120 383 2153 M.
410 2135 566 2167 „quoque
588 2124 669 2156 haec
693 2124 734 2156 de
760 2123 926 2157 Christo.“

147 2175 198 2220 ¹¹)
222 2176 274 2208 De
299 2178 424 2210 verbis:
450 2179 531 2220 „Est
556 2179 652 2212 etiam
667 2198 720 2219 —,
745 2193 823 2224 quas
849 2193 885 2213 ex
912 2202 951 2207 ——
976 2195 1013 2215 ac
1036 2184 1118 2217 recti
1143 2194 1190 2218 te·

74 2244 156 2264 nore
180 2231 372 2276 repererit‚“
400 2234 458 2266 cfr.
488 2235 631 2280 Apolog.
656 2236 795 2280 Pamph.
820 2249 892 2281 pag.
917 2238 988 2279 2l.,
1010 2239 1123 2285 itemq.
1150 2241 1189 2273 li-

75 2289 134 2320 ber
156 2289 196 2321 ad
219 2289 351 2322 Januar.
379 2303 411 2333 p.
438 2291 491 2326 51.
