1404 2463
172 98 238 133 336
652 99 827 132 Omems

175 203 243 234 quo
269 190 458 222 molestiam
485 188 555 232 pati
578 189 645 220 sive
672 201 709 221 ex
735 189 959 228 abundantia,
989 189 1059 221 sive
1085 201 1122 222 ex
1146 190 1306 234 penuria:

174 253 254 284 haec
270 252 299 295 ¹)
325 250 375 283 illi
400 250 569 283 resolvere
592 260 691 295 atque
716 251 912 296 impugnare
938 251 1163 293 conabuntur,
1195 262 1307 285 osten-

175 315 292 346 dentes
315 312 580 357 quamplurimas
603 312 683 345 alias
708 325 778 345 esse
803 312 974 357 passiones
1000 312 1140 355 animae,
1164 326 1248 358 quae
1272 314 1306 346 in

174 376 271 409 nullo
295 388 433 420 prorsus
458 388 474 406 a
500 387 597 407 carne
623 374 793 415 origenem
821 374 962 415 trahant,
987 382 1020 406 et
1043 383 1154 407 tamen
1171 375 1222 407 his
1238 375 1308 419 spi-

176 438 258 470 ritus
283 438 487 478 adversetur,
512 436 596 469 sicut
623 445 671 468 est
694 436 847 477 ambitio,
871 435 1016 477 avaritia,
1041 436 1236 479 aemulatio,
1259 437 1308 477 in-

176 499 274 538 vidia,
299 499 474 543 superbia,
499 507 531 530 et
555 497 603 529 his
627 497 767 538 similia3
792 511 866 529 cum
893 497 1014 542 quibus
1039 511 1183 543 pugnam
1208 500 1312 543 quan—

178 562 254 594 dam
279 573 348 593 esse
373 560 535 592 humanae
560 558 676 601 menti,
708 559 760 591 vel
785 559 916 603 spiritui
943 559 1106 601 videntes,
1129 559 1208 592 ideo
1234 573 1311 598 eau-

178 636 247 655 sam
274 621 425 660 omnium
439 622 472 665 2)
497 621 618 652 horum
639 621 807 654 malorum
832 634 900 653 non
926 623 1103 665 ponunt³)
1121 621 1211 654 aliud
1229 620 1311 666 quid

180 685 243 717 nisi
268 684 360 724 hanc,
387 684 428 716 de
453 696 517 727 qua
542 683 697 727 superius
721 682 876 725 diximus,
902 683 992 715 velut
1015 683 1228 728 corporalem
1245 683 1315 715 ani-

181 746 328 787 mam,⁴)
353 755 385 777 et
411 758 448 777 ex
472 744 607 777 seminis
632 746 770 777 traduce
795 755 998 786 generatam.
1041 745 1212 778 Adhibere
1229 758 1315 790 quo-

183 822 247 854 que
283 809 325 840 ad
363 806 628 849 assertionem⁵)
666 807 788 838 horum
824 807 924 839 etiam
960 807 1047 839 illud
1084 807 1313 840 testimonium

182 870 329 915 apostoli
353 869 478 909 solent,
502 868 599 911 quod
619 867 684 900 ait:
713 867 958 911 »Manit'esta⁶)
984 877 1095 900 autem
1119 878 1197 902 sunt
1213 882 1315 914 opera

184 932 307 974 carnis,
345 944 428 975 quae
460 938 536 966 sunt
568 929 768 970 fornicatio,
808 929 1038 971 immunditia,
1076 930 1319 975 impudicitiae,

182 993 396 1033 idololatria,
422 991 635 1034 xeneficia,⁷)
661 990 874 1033 inimicitiae,
899 991 1149 1035 contentiones,
1173 992 1319 1025 aemula-

183 1056 304 1093 tiones,
334 1054 414 1096 irae,
445 1053 545 1095 rixae,
576 1051 810 1095 dissensiones,
833 1053 996 1095 haereses,
1019 1063 1140 1096 sectae,
1162 1054 1320 1095 invidiae,

186 1118 382 1159 ebrietates,
413 1115 691 1157 comessationes,
724 1124 757 1147 et
788 1115 836 1147 his
866 1115 1033 1148 similiam.
1071 1116 1227 1149 dicentes
1251 1129 1317 1148 non

186 1179 267 1211 haec
293 1178 405 1210 omnia
433 1178 474 1210 de
500 1191 579 1219 usu,
613 1177 663 1209 vel
689 1177 914 1210 delectatione
939 1177 1044 1210 carnis
1069 1177 1232 1220 originem
1255 1187 1320 1210 tra-

186 1242 285 1283 here,
309 1240 353 1272 ita
378 1249 415 1271 ut
439 1248 602 1284 putentur
627 1237 696 1283 ejus
722 1239 944 1281 substantiae,
976 1252 1060 1284 quae
1084 1239 1228 1272 animam
1251 1252 1320 1272 non

186 1302 298 1343 habet,
322 1301 356 1333 id
382 1310 431 1333 est
456 1300 573 1342 carnis,
599 1300 632 1332 hi
658 1313 774 1333 omnes
798 1310 911 1333 motus
936 1301 1102 1334 exsistere.
1149 1302 1217 1335 Sed
1241 1301 1319 1345 et'3)

187 1364 295 1405 illud,
325 1363 417 1407 quod
442 1362 503 1395 ait:
541 1362 741 1405 „Videte,⁹)
766 1363 900 1404 fratres,
931 1362 1142 1396 vocationem
1168 1372 1323 1405 vestram,

190 1424 350 1469 quoniam
367 1425 418 1468 ¹⁰)
445 1437 512 1456 non
536 1424 635 1455 multi
659 1423 745 1455 inter
769 1437 826 1456 vos
853 1424 1019 1468 sapientes
1043 1425 1227 1457 secundum
1253 1437 1322 1457 car-

190 1499 285 1518 nem:
300 1490 316 1506 “
343 1485 383 1517 ad
402 1486 408 1504 ¹
425 1486 453 1527 ¹)
479 1486 544 1517 hoe
568 1485 734 1517 videbitur
751 1485 991 1527 inclinandum,
1015 1495 1053 1518 ut
1068 1485 1205 1530 propria
1224 1497 1324 1530 quae—

287 1666 317 1708 ¹)
343 1664 400 1697 Sic
434 1665 512 1697 Mss.
542 1665 631 1697 Alias
664 1668 709 1705 (v.
747 1678 773 1696 c.
806 1664 839 1696 in
874 1665 948 1696 edd.
977 1665 1042 1707 M.)
1070 1664 1153 1697 »hoc
1183 1664 1250 1697 iilis
1273 1678 1325 1696 re-

192 1710 323 1743 solvere
364 1719 462 1753 atque
505 1711 699 1755 impugnare.
740 1709 954 1751 conabimur,
996 1710 1209 1742 ostendentes
1245 1709 1325 1742 alias

194 1759 285 1788 esse“
311 1764 372 1787 etc.
399 1756 439 1790 l'x.

285 1811 319 1854 ²)
345 1811 431 1844 Edd.
456 1812 504 1843 Μ.
533 1811 705 1852 „omnium
731 1811 899 1843 malorum
923 1811 1043 1842 horum
1068 1814 1158 1844 non“
1185 1821 1246 1844 etc.

285 1867 318 1911 3)
343 1868 407 1899 Ed.
432 1867 479 1900 M.
506 1867 528 1899 l.
556 1872 736 1911 „ponent.“

285 1922 319 1967 ¹¹)
344 1923 450 1956 Deest
480 1923 513 1956 in
546 1923 638 1955 libris
670 1933 766 1955 antea
797 1923 894 1955 editis
925 1923 970 1967 (ν.
997 1936 1022 1955 c.
1049 1922 1122 1955 edd.
1148 1920 1233 1966 M.),
1266 1923 1322 1954 sed

194 1969 336 2000 habetur
360 1969 392 2000 in
418 1969 497 2001 Mss.
525 1969 722 2010 „animam.«
749 1969 790 2001 R.

286 2025 320 2066 ⁵)
348 2025 394 2056 Ita
420 2025 500 2057 Mss.
529 2025 618 2057 Alias
639 2029 686 2068 (v,
711 2038 739 2057 c.
768 2025 801 2057 in
828 2026 903 2057 edd.
922 2023 988 2068 M.)
1016 2029 1257 2065 „sermonem.“
1285 2024 1323 2056 R.

286 2080 320 2123 6)
348 2080 416 2113 Cfr.
444 2080 519 2114 Gal.
543 2081 585 2122 V,
611 2080 765 2115 19—21.

289 2136 320 2178 7)
347 2136 437 2168 Alias
463 2138 508 2179 (V.
536 2150 564 2169 c.
590 2137 622 2168 in
656 2137 732 2170 edd.
757 2136 825 2179 M.)
859 2137 991 2178 deerat,
1029 2136 1088 2168 sed
1117 2135 1258 2168 habetur·
1291 2135 1323 2166 in

198 2180 275 2212 Mss.
305 2181 512 2219 ,senentiam
541 2183 581 2215 1²..
676 2183 710 2226 ⁸)
735 2183 840 2214 Deest
866 2184 940 2222 „et“
966 2181 999 2214 in
1025 2182 1076 2214 ed.
1101 2181 1148 2214 M.
1176 2182 1200 2212 l.

290 2236 323 2279 9)
351 2237 361 2267 l
391 2236 468 2268 Cor.
498 2238 521 2278 l,
544 2237 598 2271 26.
698 2239 750 2282 ¹⁰)
776 2238 839 2271 Ed.
865 2238 913 2270 M.
938 2237 979 2270 ΙΙ.
1007 2237 1232 2282 ,.,(]υοιί·ιο(]ο.«ι

246 2331 253 2336 .
272 2294 277 2310 ¹
294 2292 323 2333 Ι)
348 2292 410 2324 Ed.
437 2293 484 2325 Μ.
512 2294 533 2325 Ι.
564 2294 688 2325 »adhuc
714 2294 913 2325 videbitur.“
