1404 2463
515 530 972 582 ORIGENIS

315 640 364 678 11
414 639 549 679 ΕΡ
601 640 626 678 Ι
712 639 763 678 A
820 638 860 677 P
914 639 959 677 X
1015 637 1055 677 Ω
1114 637 1160 676 Ν

1168 670 1179 690 7

692 740 726 772 id
758 749 807 772 est

511 835 590 871 DE
628 832 986 871 PRINCIPIIS

426 919 654 972 LIBER
705 929 1072 979 QUARTUS.

526 1141 715 1174 CAPUT
740 1140 980 1175 PRtMUM.

340 1233 446 1277 Quod
472 1232 667 1277 Scripturae
695 1231 856 1264 divinitus
881 1231 1059 1275 inspiratae
1085 1230 1161 1267 sint,

183 1353 211 1385 1.
262 1351 360 1396 (156)
386 1325 533 1382 Verum
553 1350 584 1394 ¹)
617 1349 778 1394 quoniam
813 1350 854 1382 de
886 1350 986 1381 tantis
1018 1358 1052 1381 et
1075 1347 1199 1380 talibus
1224 1348 1326 1380 rebus

182 1413 426 1446 disserentibus
457 1425 525 1445 non
557 1412 684 1445 sufficit
716 1411 870 1443 humanis
901 1411 1053 1443 sensibus
1088 1419 1121 1442 et
1153 1410 1327 1442 communi

180 1471 373 1507 intellectui
404 1487 569 1507 summam
602 1473 652 1505 rei
687 1472 919 1511 committere,
952 1482 1004 1514 et,
1034 1481 1070 1504 ut
1102 1472 1150 1504 ita
1175 1471 1327 1511 dixerim,

181 1536 362 1569 visibiliter
393 1537 433 1568 de
463 1535 690 1568 invisibilibus
715 1533 958 1579 pronunciare,
995 1534 1194 1566 assumenda
1206 1534 1239 1576 ²)
1265 1546 1328 1565 no-

181 1597 231 1630 bis
257 1608 334 1630 sunt
359 1599 399 1630 ad
427 1597 665 1641 probationem
694 1597 828 1635 hoium,
860 1608 945 1639 quae
971 1595 1125 1635 dicimus,
1152 1595 1251 1628 etiam
1278 1595 1328 1627 di-

183 1660 335 1692 vinarum
368 1659 621 1704 Scripturarum
659 1658 863 1690 testimonia.
929 1657 1026 1700 Quae
1064 1656 1258 1689 testimonia
1289 1666 1328 1690 ut

184 1730 307 1753 certam
334 1731 366 1753 et
389 1720 613 1753 indubitatam
638 1720 741 1752 fidem
767 1727 954 1765 praestent,
992 1710 1060 1751 sii-e
1085 1718 1119 1751 in
1142 1718 1211 1758 his,
1244 1731 1329 1763 quae

184 1782 326 1815 dicenda
357 1781 474 1822 nobis,
516 1782 584 1814 sive
627 1795 710 1826 quae
751 1782 816 1827 jam
850 1781 939 1813 (licta
970 1790 1063 1822 sunt,
1103 1780 1328 1813 necessarium

184 1846 276 1887 prius
293 1845 327 1888 ³)
352 1843 488 1877 videtur
514 1845 712 1884 ostendere,
739 1844 833 1888 quod
857 1843 949 1887 ipsae
976 1842 1171 1886 Scripturae
1197 1842 1328 1875 divinae

185 1905 266 1945 sint,
298 1906 332 1938 id
359 1915 427 1946 est,
460 1906 527 1939 Dei
560 1906 680 1950 spiritu
706 1905 897 1949 inspiratae.
947 1903 1051 1946 Igitur
1075 1917 1176 1949 quam
1201 1904 1329 1948 poteri-

185 1980 259 2000 mus
294 1967 445 2000 breviter
477 1968 576 2000 etiam
611 1968 652 2000 de
684 1968 752 2000 hoc
777 1965 1016 2008 assignabimus
1042 1979 1079 1998 ex
1104 1965 1185 2010 ipsis
1209 1964 1331 1998 divinis

285 2092 314 2133 ¹)
340 2090 410 2124 Cfr.
437 2092 488 2123 ed.
516 2092 649 2136 Redep.
676 2104 750 2135 pag.
776 2089 852 2125 328.
878 2100 948 2122 not.
976 2090 1028 2124 13.

280 2147 314 2189 ²)
341 2147 410 2179 Cfr.
437 2148 490 2179 ed.
516 2148 648 2191 Redep.
673 2160 746 2191 pag.
773 2145 848 2180 329.
875 2154 944 2177 not.
971 2144 1002 2179 3.

278 2203 312 2244 ³)
340 2203 390 2234 lta
425 2215 540 2234 omnes
574 2203 684 2235 Codd.
720 2203 800 2235 Μεε.
834 2203 871 2233 ln
903 2201 1002 2233 editis
1033 2201 1078 2244 (v.
1106 2213 1133 2234 c.
1154 2199 1237 2237 .⁰dd·
1264 2198 1331 2242 Μ.)

190 2245 298 2279 deest:
327 2247 473 2291 „prius,“
502 2257 534 2279 ct
560 2247 698 2288 legitur:
727 2248 883 2288 „videtur
907 2246 1097 2284 ostendere,
1122 2244 1214 2288 quod
1239 2244 1332 2288 ipsae

190 2290 319 2324 divinae
345 2292 541 2336 Scripturae
567 2292 630 2324 sint
657 2292 721 2324 Dei
747 2291 866 2335 spiritu
893 2291 1105 2334 inspiratae.“
1131 2290 1172 2322 R.
