1404 2463
387 120 431 144 nn
455 111 646 144 Pamcmns
670 110 781 144 Lmen
807 112 830 144 Ι.
1130 110 1169 145 61

51 198 156 232 cuerit
181 208 409 244 potentatum,
442 210 474 233 et
505 212 587 245 quae
621 199 744 232 fuerint
767 200 808 232 ab
832 199 906 243 ipso
933 200 983 232 vel
1009 212 1096 241 rege,
1121 201 1174 232 vel

50 260 202 305 principe
227 262 415 295 moderata:
441 263 482 294 de
507 261 626 306 quibus
649 261 781 305 plenius
806 260 840 293 in
865 260 948 293 locis
971 261 1127 305 propriis,
1144 263 1176 305 ¹)

51 321 83 354 in
109 322 228 366 quibus
254 323 294 355 de
320 323 478 356 creaturis
509 322 579 367 ejus
611 322 848 366 disputandum
881 322 998 362 fuerit,
1037 323 1176 355 dissere-

50 396 134 416 mus.
181 384 250 417 Sed
275 393 308 416 et
330 396 416 415 nunc
439 382 581 415 strictim
605 383 703 423 licet,
734 392 844 415 tamen
868 384 1095 428 admonere2)
1118 397 1176 416 ne-

51 444 227 476 cessarium
261 454 363 489 puto,
398 444 555 488 quoniam
589 444 724 489 quidem
756 444 905 489 quaestio
936 445 1032 477 nobis
1062 445 1103 476 de
1127 458 1176 477 sa-

50 506 176 549 pientia
200 506 358 547 agitatur,
389 506 674 550 quemadmodum
706 506 893 551 aporrhoea
909 507 943 550 3)
975 507 1018 539 sit
1047 506 1176 551 sapien-

51 567 97 599 tia
122 567 246 608 gloriae
272 566 524 611 Omnipotentis
548 567 736 611 purissima,
759 580 801 599 ne
827 567 978 599 videatur
994 567 1095 599 alicui
1119 580 1177 599 an-

52 628 156 660 terior
168 628 200 671 4)
233 640 301 660 esse
340 628 374 660 in
404 629 481 660 Deo
514 628 756 673 omnipotentis
787 628 972 673 appellatio
1004 628 1176 661 nativitate

51 689 241 733 sapientiae,
266 702 326 733 per
349 702 447 733 quam
472 691 572 723 Pater
596 699 752 729 vocatur,
787 689 990 734 quoniam⁵)
1015 690 1104 723 dicta
1128 699 1176 722 est

51 751 237 795 aporrhoea
262 750 515 795 Omnipotentis
547 751 673 794 gloriae
704 749 881 795 purissima
906 764 974 784 esse
989 752 1021 796 6)
1046 752 1175 796 sapien-

50 812 105 851 tia,
130 824 215 855 quae
240 821 288 844 est
312 812 420 845 Filius
446 813 522 847 Dei,
569 813 693 846 Audiat
725 813 782 856 qui
807 812 933 857 haec7)
959 812 1002 845 ita
1027 814 1100 846 vult
1123 826 1178 845 su-

52 872 190 917 spicari,
222 874 314 917 quod
338 875 605 908 manifestissime
639 874 812 919 Scriptura
835 875 1030 918 pronuntiat
1054 875 1178 915 dicens,

52 933 130 978 quia
155 935 289 975 „omnia
301 936 335 980 Β)
367 935 400 968 in
432 936 593 981 sapientia
622 935 777 968 fecisti:“
812 945 845 967 et
876 949 938 980 per
959 937 1179 978 Evangelium

51 996 202 1036 docetur,
227 997 303 1041 quia
316 996 348 1041 9)
375 998 508 1038 „omnia
532 1012 593 1042 per
609 998 718 1042 ipsum
736 998 822 1029 facta
842 1006 928 1037 sunt,
953 1007 986 1030 et
1008 998 1079 1030 sine
1102 997 1178 1042 ipso

52 1058 176 1090 factum
202 1068 251 1091 est
274 1058 404 1091 nihil:“
432 1068 464 1091 et
487 1059 652 1100 intelligat
676 1071 713 1090 ex
738 1058 813 1096 hoc,
838 1058 914 1102 quia
931 1060 982 1103 ¹⁰)
1007 1072 1074 1091 non
1101 1068 1179 1103 pot-

53 1128 102 1152 est
132 1120 323 1164 antiquior-¹
340 1121 368 1164 ¹)
410 1133 478 1153 esse
518 1120 550 1152 in
588 1122 665 1153 Deo
705 1119 946 1164 omnipotentis
985 1120 1180 1164 appellatio,

55 1193 153 1224 quam
178 1180 298 1225 patris:
325 1194 385 1225 per
408 1181 534 1214 Filium
561 1181 650 1213 enim
676 1180 889 1225 omnipotens
907 1191 953 1214 est
969 1182 1076 1214 Pater.
1113 1182 1181 1215 Sed

54 1241 281 1287 quoniam¹²)
306 1243 446 1284 gloriam
472 1243 554 1276 dixit
585 1256 653 1275 esse
684 1241 956 1287 Omnipotentis,
987 1241 1078 1287 cujus
1111 1243 1182 1284 glo-

54 1303 121 1335 riae
146 1304 332 1348 aporrhoea
349 1305 399 1349 ¹³)
426 1314 474 1337 est
496 1304 668 1349 sapientia,
693 1304 759 1337 hoc
782 1304 925 1346 intelligi
950 1305 1064 1344 datur,
1089 1305 1181 1349 quod

150 1448 180 1491 ¹)
206 1447 275 1484 Cfr.
303 1448 530 1482 Commentar.
555 1448 588 1481 in
615 1448 772 1482 Genesin.

147 1503 180 1547 ²)
207 1503 264 1537 Sic
290 1505 367 1537 Mss.
394 1506 501 1538 Alias:
529 1504 817 1545 „admonitionem
842 1506 1059 1538 necessariam
1084 1517 1181 1551 puto,

54 1549 237 1601 quomodo·
267 1550 401 1595 quidem
438 1550 589 1595 quaestio
624 1549 741 1582 nobis“
777 1559 838 1582 etc.
866 1550 905 1582 R.
940 1572 981 1576 —-
1011 1552 1098 1585 Edd.
1133 1553 1181 1586 M.

55 1594 308 1634 „admonitione
338 1596 560 1628 necessarium
591 1605 694 1639 puto,
738 1596 912 1640 quomodo
945 1596 1082 1641 quidem
1115 1610 1181 1642 qno

53 1638 172 1671 nobis“
199 1648 260 1672 etc.

148 1695 181 1738 ³)
208 1695 278 1729 Cfr.
304 1696 382 1741 Sap.
408 1696 478 1731 Sal.
502 1696 578 1735 VII,
602 1695 655 1730 25.

146 1749 181 1794 ¹²)
205 1752 262 1784 Sic
285 1753 364 1785 Mss.
391 1752 482 1785 Alias
508 1754 556 1795 (v.
582 1765 609 1784 c.
633 1751 666 1783 in
693 1751 768 1785 edd.
791 1752 859 1796 Μ.)
886 1751 1079 1793 „interior.“
1106 1752 1145 1784 R.

149 1807 182 1848 ⁶)
208 1807 264 1841 Sic
288 1808 368 1841 Mss.
395 1808 484 1841 Alias
509 1809 555 1851 (V.
581 1821 608 1841 e.
634 1807 667 1839 in
694 1808 768 1840 edd.
793 1808 860 1853 Μ.)
888 1809 1116 1853 „quomodo.“
1141 1809 1182 1842 R.

57 1871 100 1876 --
127 1851 196 1884 Cfr.
221 1852 299 1896 Sap.
324 1853 391 1886 Sal.
416 1853 490 1893 Vll,
515 1853 568 1887 25.

150 1907 184 1950 ⁵)
209 1908 314 1940 Deest
341 1912 451 1949 „esse“
476 1910 510 1942 in
536 1909 612 1945 edd,
637 1909 685 1942 M.

152 1961 185 2007 7)
210 1964 297 1998 Edd.
323 1965 370 1998 Μ.
398 1965 516 2006 ‚,hoc.“
613 1964 646 2009 ⁸)
672 1964 794 1998 Psalm.
821 1965 908 2004 CIV,
930 1965 985 2003 24,
1012 1965 1132 2011 (Clll.)

150 2021 183 2065 9)
208 2021 271 2053 Ed.
296 2021 345 2054 M.
371 2021 415 2054 11.
443 2022 587 2066 „quod.“
613 2041 656 2046 —
681 2021 741 2057 Ev,
767 2022 885 2054 Joann.
910 2021 933 2061 l,
957 2022 987 2055 3.

129 2076 181 2120 ¹⁰)
208 2077 268 2109 Ed.
296 2077 344 2110 M.
370 2077 410 2109 ll.
438 2078 582 2122 „quod.“

129 2134 181 2176 ¹¹)
206 2133 295 2184 I}dd.
322 2133 368 2165 M.
396 2132 617 2177 „antiquius.“

130 2190 182 2232 ¹²)
211 2190 258 2221 lta
281 2189 361 2221 Mss.
389 2189 478 2222 Alias
509 2190 557 2233 (V.
583 2203 608 2222 c.
634 2189 667 2221 in
693 2190 769 2221 edd.
794 2189 860 2232 Μ.)
888 2189 1116 2233 ‚,quomodo.“
1144 2189 1182 2221 R.

129 2245 182 2288 ¹³)
210 2245 280 2278 Cfr.
306 2246 384 2289 Sap.
409 2245 476 2278 Sal.
503 2246 576 2284 Vll,
599 2246 650 2279 25.
680 2265 721 2269 —-
746 2245 809 2277 Ed.
838 2246 883 2278 M.
911 2247 931 2277 Ι.
958 2246 1062 2277 male:
1088 2257 1184 2286 „cor-

58 2294 192 2334 porea.“
