1404 2463
406 109 450 132 of,
476 101 673 137 mecwus
699 107 812 140 Lmen
840 110 863 142 1.
1161 119 1203 154 95

69 183 282 226 colluctatio,
308 186 393 220 illud
414 189 522 233 ipsum
549 194 721 228 obluctans
745 210 782 230 ae
813 199 966 234 resistens
993 206 1082 238 omni
1108 209 1200 242 hono

67 245 280 289 propositum
305 261 371 281 non
396 253 615 294 postmodum
641 259 816 302 recepisse,
841 262 1049 297 declinantes
1069 280 1085 299 a
1106 270 1197 302 bono

68 317 129 348 per
152 307 282 340 arbitrii
307 309 513 353 libertatem,
544 325 722 359 putentur,
741 318 770 365 ¹)
803 324 861 355 sed
894 338 968 357 cum
995 326 1074 370 ipsis
1099 330 1199 365 simul

68 367 328 403 substantialiter
353 373 530 417 exstitisse;
554 377 707 412 similiter
732 381 830 415 etiam
862 394 1044 428 potestates
1078 400 1110 423 et
1135 393 1199 425 vir-

65 437 163 469 tutes,
189 444 249 464 nec
275 446 343 466 esse
368 433 401 466 in
427 435 466 467 iis
491 435 657 480 juniorem
674 441 707 485 2)
732 445 914 479 substantia
947 461 1003 481 sua
1029 454 1197 494 posterio-

64 502 202 535 remque
234 494 406 530 malitiam.
464 498 517 530 llli
543 514 695 545 quoque,
728 517 812 548 quos
838 510 953 541 mundi
980 514 1194 549 tenebrarum

64 562 209 585 rectores
235 564 267 587 et
291 555 458 602 principes
482 562 678 605 appellavit,
702 564 767 598 hoc
785 570 876 611 quod
895 571 1133 616 principantur,
1160 588 1193 610 et

65 613 217 647 obtinent
247 619 417 658 tenebras,
451 631 518 653 non
556 637 592 655 ex
616 628 835 668 perversitate
861 635 1046 677 propositi,
1071 639 1128 670 scd
1155 654 1193 672 cx

64 675 266 710 conditionis
291 681 485 714 necessitate
511 684 670 719 dicuntur
694 688 906 726 descendere.
954 695 1082 730 Eadem
1108 713 1192 744 quu-

62 748 125 779 que,
151 737 192 769 de
216 739 448 783 spiritualibus
463 746 688 792 nequitiam-J)
716 753 805 785 etde
823 754 1052 798 spiritualibus
1066 762 1097 804 ⁴)
1124 775 1192 795 ma-

59 797 165 839 lignis,
190 809 224 832 et
248 801 468 837 daemonibus
494 800 675 842 immundis
694 817 953 860 consequentiae
978 819 1080 863 ipsius
1105 825 1190 856 ratio

57 869 154 901 coget
177 861 330 905 intelligi.
381 865 484 909 Quod
499 869 531 912 ⁵)
563 869 590 902 si
620 871 701 905 llaec
732 874 776 907 ita
809 877 850 909 de
878 880 1030 922 malignis
1055 895 1188 919 contra—

55 920 179 966 riisque
205 923 383 959 virtutibus
407 927 550 971 intelligi
583 932 716 966 videtur
745 938 945 981 absurdum,
982 943 1066 978 sicut
1099 958 1187 981 certe

54 983 234 1018 absurdum
261 996 326 1027 est,
352 998 387 1020 ut
413 1002 507 1022 causa
534 993 677 1027 malitiae
704 996 849 1040 ipsarum
877 1015 1005 1038 remota
1033 1009 1073 1038 ab
1099 1011 1187 1042 arbi-

54 1044 110 1076 trii
134 1045 186 1077 sui
218 1049 418 1092 proposito,
455 1054 623 1087 conditori
656 1071 766 1091 earum
800 1066 986 1098 necessario
1019 1070 1187 1104 adscriba-

53 1114 124 1139 tur:
149 1110 323 1151 quomodo
359 1124 436 1154 non·
460 1114 558 1147 etiarn
591 1118 632 1149 de
666 1120 764 1154 bonis
793 1125 978 1171 sanctisque
1005 1129 1183 1166 virtutibus

54 1168 205 1209 cogimur
227 1170 349 1204 similia
374 1174 544 1217 confiteri,
569 1178 602 1211 id
629 1190 694 1221 est,
719 1183 794 1227 quia
807 1186 840 1229 ⁶)
864 1200 932 1220 non
965 1191 1182 1227 substantiale

51 1228 151 1262 sitin
176 1230 256 1275 ipsis
286 1234 431 1268 honum:
469 1240 561 1281 quod
594 1241 709 1286 utique
742 1244 775 1277 in
806 1248 881 1280 solo
916 1250 1047 1284 Clu-isto
1081 1265 1114 1287 et
1148 1256 1181 1289 in

51 1290 180 1334 Spiritu
204 1303 317 1326 sancto
344 1296 516 1331 evidenter
541 1314 609 1334 esse
635 1306 859 1347 ostendimus,
890 1311 959 1344 sine
986 1314 1090 1347 dubio
1118 1319 1180 1350 uti-

51 1363 115 1395 que
140 1361 173 1384 et
197 1353 229 1386 in
255 1354 365 1390 Patre.
419 1359 495 1392 Non
522 1362 609 1395 enim
637 1365 809 1401 Trinitatis
832 1381 947 1406 natura
971 1375 1093 1409 habere
1118 1380 1179 1412 ali-

49 1412 128 1456 quid
154 1416 408 1460 compositionis
434 1430 563 1456 ostensa
589 1435 656 1466 est,
691 1438 728 1461 ut
760 1430 839 1464 hacc
871 1433 899 1465 ei
933 1449 1178 1483 consequenter

47 1473 221 1508 videantur
250 1478 412 1515 accidere.
471 1483 569 1518 Unde
593 1501 761 1533 superest,
793 1503 831 1526 ut
844 1495 876 1539 ⁷)
907 1496 939 1528 in
966 1500 1057 1532 omni
1085 1514 1176 1535 crea-

46 1544 119 1569 tura
143 1537 193 1570 sui
218 1540 330 1583 operis
355 1556 561 1591 suorumque
586 1561 739 1585 motuum
765 1555 884 1597 suerit,
916 1561 1007 1603 quod
1035 1562 1174 1598 virtutes

139 1676 170 1720 ¹)
194 1678 298 1713 Deest
322 1680 354 1713 in
380 1693 474 1717 antea
499 1686 595 1720 editis
620 1689 666 1733 (v.
694 1704 721 1724 c.
747 1694 822 1727 edd.
848 1696 925 1741 M.),
949 1701 1006 1732 sed
1032 1701 1064 1734 in
1091 1704 1170 1739 Mss.

41 1721 228 1765 reperitur:
255 1734 466 1770 „putentur.“
490 1732 530 1764 R.

135 1777 168 1819 2)
193 1778 248 1812 Sic
278 1791 368 1814 recte
401 1786 539 1820 omnino
574 1790 681 1825 Codd.
717 1794 797 1827 Mss.
844 1796 937 1830 Editi
962 1813 1041 1833 vero
1069 1804 1114 1847 (v.
1141 1819 1169 1841 c.

42 1821 118 1853 edd.
144 1822 209 1866 Μ.)
235 1825 420 1866 „minorem
444 1833 625 1868 substantia
660 1851 717 1870 sua
746 1840 908 1875 malitiam
933 1848 1167 1889 posteriorem.

40 1865 122 1898 Illos
147 1880 280 1913 quoque
312 1875 428 1907 mundi
453 1897 494 1903 —-
527 1880 728 1925 appellavit,
760 1898 800 1918 eo
835 1890 927 1932 quod
953 1892 1168 1938 principatus,

41 1919 74 1942 et
98 1912 155 1955 qui
181 1914 289 1957 (deest
312 1920 371 1962 qui
395 1919 428 1952 in
453 1923 504 1956 ed.
526 1925 575 1958 Μ.
601 1927 643 1971 l.)
669 1929 843 1964 obtinent“
871 1943 934 1967 etc.
961 1938 999 1969 R.
1027 1959 1066 1964 —
1095 1942 1165 1975 Csr.

35 1954 159 1999 Eplies.
186 1959 242 1999 Vl,
267 1960 319 1995 12.

128 2012 162 2057 ³)
187 2014 274 2050 Edd.
299 2017 347 2053 M.
373 2024 581 2067 „nequitiis.‘·‘
609 2028 677 2063 Cfr.
703 2030 826 2076 Ephcs.
852 2035 908 2076 Vl,
938 2037 989 2072 12.

129 2069 165 2112 ⁴)
190 2069 238 2103 lta
262 2072 342 2107 Mss.
368 2077 460 2110 Alias
486 2085 532 2124 (v.
559 2096 585 2116 c.
610 2084 643 2116 in
669 2087 744 2120 edd.
769 2089 835 2134 M.)
870 2092 1093 2136 „spiritibu5.“
1123 2099 1162 2131 R.

129 2125 162 2168 ⁵)
187 2126 245 2160 Sic
268 2129 347 2164 Mss.
373 2132 463 2166 Libri
489 2136 589 2170 editi:
632 2140 756 2183 „Quod
782 2145 809 2177 si
834 2147 866 2179 id
895 2149 935 2181 de
961 2152 1056 2184 malis
1083 2166 1161 2186 con-

35 2169 232 2215 trariisque“
268 2183 329 2209 etc.
362 2177 468 2211 R.›-—
500 2181 586 2215 Edd.
621 2184 669 2218 M.
704 2188 829 2231 „Quod
861 2193 1014 2228 similiter
1042 2197 1085 2231 ita
1118 2202 1158 2232 dc

33 2215 139 2255 malis,
164 2220 424 2266 contrariisque“
451 2234 510 2259 etc.
607 2229 641 2274 ⁶)
668 2231 728 2265 Ed.
756 2235 802 2268 M.
830 2237 869 2270 ll.
897 2243 1043 2285 „qu0d.“

127 2272 157 2316 ⁷)
183 2272 267 2309 Edd.
293 2277 340 2309 Μ.
369 2290 422 2320 „ut
450 2283 556 2317 omnis
582 2297 729 2322 creatura
753 2291 801 2324 sui
827 2296 959 2338 operis“
988 2308 1049 2332 etc.
