1404 2463
355 122 398 144 DE
424 111 613 144 Pamcmus
638 110 749 142 Limen
776 109 834 141 ΙΙΙ.
1101 107 1166 141 257

44 200 137 234 velit.
186 202 377 234 ⁴&bsurdum
402 213 544 244 namque
570 209 618 231 est
642 208 818 243 poetarum
843 199 918 230 ficta
943 197 1105 235 carmina,
1136 206 1167 228 et

44 262 296 295 comoediarum
328 262 488 295 ridiculas
519 261 646 294 fabulas
673 274 689 292 a
714 258 934 302 grammaticis
960 258 1099 301 exponi3
1135 266 1168 289 et

43 335 91 362 ea,
117 336 200 367 quae
216 325 246 368 ¹)
271 325 322 356 vel
349 324 389 355 de
414 324 511 362 Deo,
537 323 588 354 vel
615 322 655 354 de
680 321 879 353 coelestibus
904 318 1100 357 virtutibus,
1131 331 1168 350 ac

43 384 84 416 de
110 385 201 416 omni
227 385 438 417 universitate
464 384 628 422 dicuntur,
652 382 684 414 in
711 383 830 425 quibus
857 380 1008 419 omnis²)
1034 380 1087 411 vel
1111 393 1168 423 pa-

40 458 199 486 ganorum
233 446 534 490 philosophorum,
569 445 620 476 vel
653 444 896 476 haereticorum
928 454 1048 487 pravus
1073 454 1167 473 error

42 507 206 548 arguitur,
239 508 310 540 sine
341 507 497 549 magistro
530 515 562 538 et
588 504 846 549 explanatore3)
873 513 990 547 putare
1017 502 1164 547 aliquem

41 580 138 611 posse
170 580 204 599 se
235 568 377 600 discere:
411 577 442 600 et
473 567 517 599 ita
551 567 605 604 fit,
638 575 673 598 ut
698 580 748 598 res
775 565 927 597 difficiles
952 574 984 596 et
1009 565 1164 596 obscuras

40 629 156 660 malint
188 629 339 661 homines
371 629 678 673 peiffitemeritatem
705 636 736 659 et
759 626 966 659 inscientiam
982 626 1015 669 4)
1041 625 1164 657 conde-

39 702 162 731 mnare,
188 703 285 733 quam
311 704 372 734 per
396 690 600 732 diligentiam
626 699 658 722 et
682 688 829 722 studium
857 687 993 720 discere.

300 989 537 1030 CAPUT
595 986 894 1027 PRIMUM.

374 1088 472 1131 De5)
499 1087 627 1119 arbitrii
655 1086 817 1118 libertate.

126 1177 155 1210 1.
203 1177 301 1220 (108)
333 1177 427 1209 Talia
443 1177 475 1221 ⁶)
508 1178 670 1221 quaedam
703 1178 743 1208 dc
770 1174 1085 1219 repromissionibus
1111 1174 1160 1205 (li-

36 1239 119 1271 vinis
152 1239 315 1271 credimus
348 1238 537 1278 sentienda,
570 1252 645 1270 cum
670 1236 922 1278 intelligentiam
947 1246 1092 1268 nostram
1118 1236 1157 1267 ad

36 1301 356 1344 contemplationem
392 1300 519 1332 aeterni
556 1299 648 1331 illius
689 1309 721 1331 et
755 1298 849 1330 nullo
883 1298 947 1329 fine
981 1296 1156 1329 claudendi

34 1362 157 1394 saeculi
181 1361 373 1406 jaculamur,
398 1372 495 1406 atque
520 1361 729 1393 ineffabilem
756 1359 824 1404 ejus
850 1359 1009 1391 laetitiam
1028 1371 1064 1390 ac
1082 1360 1158 1390 bea-

34 1423 214 1456 titudinem
248 1424 526 1468 contemplamur.
579 1423 705 1454 Verum
744 1421 902 1465 quoniam
938 1420 971 1452 in
1003 1420 1159 1452 ecclesia-

33 1484 113 1517 stica
143 1485 391 1529 praedicatione
416 1485 499 1516 inest
526 1484 623 1522 etiam
649 1484 691 1515 de
705 1484 736 1527 ⁷)
762 1484 876 1515 futuro
901 1482 966 1514 Dei
998 1481 1084 1526 justo
1110 1480 1160 1526 ju-

130 1637 161 1680 ¹)
187 1637 272 1668 Edd.
296 1637 344 1669 M.
372 1649 477 1681 „quae
499 1637 541 1668 de
566 1636 653 1675 Deo,
679 1635 730 1667 vel
757 1632 978 1666 coelestibus“
1005 1641 1067 1663 etc.

133 1692 168 1736 ²)
193 1692 248 1725 Sic
273 1693 351 1724 Mss.
378 1691 510 1736 (itemq.
535 1692 610 1723 edd.
636 1692 704 1734 Μ.)
732 1690 832 1722 Alias:
860 1688 1068 1729 „onmibusf‘
1094 1688 1134 1721 R.

129 1747 161 1788 ³)
187 1748 243 1780 Sic
274 1749 352 1781 Mss.
379 1748 485 1780 Alias:
519 1745 771 1798 „explanatione
804 1745 949 1796 aliquem
983 1756 1081 1787 posse
1106 1743 1156 1775 di-

33 1793 231 1868 ἓςετεῌιίιιίὶ
256 1811 296 1817 ——-
332 1793 417 1825 Edd.
443 1794 486 1826 Μ
512 1791 764 1837 „explanatione
799 1789 924 1833 aliquid
958 1802 1055 1833 posse
1086 1800 1156 1820 sese

62 1850 158 1869 ieme.

128 1893 161 1935 ⁴)
186 1891 243 1924 Sic
269 1892 346 1927 Mss.
370 1893 463 1925 Editi
486 1894 531 1937 (ν
558 1906 585 1926 c.
611 1893 685 1925 edd.
711 1892 779 1934 Μ.)
806 1889 1001 1931 „inscitiam
1007 1893 1024 1909 ‘⁵
1050 1889 1088 1920 R.

123 1949 156 1990 5)
180 1948 268 1980 Edd.
295 1949 340 1980 M.
367 1948 440 1988 „De
466 1948 619 1980 libertate
644 1947 804 1980 a1b1t1n“

130 2004 163 2046 ⁶)
191 2002 287 2045 Quae
312 2016 427 2044 graece
453 2013 586 2042 exstant,
612 2017 714 2047 quum
738 2003 826 2034 notis
849 2000 985 2043 singulis
1010 2000 1154 2031 inserere

33 2049 104 2094 jure
136 2061 204 2080 non
244 2029 426 2092 placuerit,
467 2050 586 2082 latinae
619 2061 698 2080 vero
731 2047 842 2080 Rufini
875 2044 1155 2089 interpretationi,

34 2107 101 2138 quo
134 2093 266 2125 {acilim
289 2103 320 2124 ct
344 2094 532 2137 simplicior
553 2093 609 2126 fiat
634 2092 859 2136 comparatio,
896 2104 912 2123 e
937 2090 1074 2132 regione
1099 2102 1154 2133 ap-

33 2151 173 2182 ponere,
198 2151 250 2170 me
276 2147 349 2170 toto
376 2139 453 2170 licet
476 2138 592 2177 invito,
623 2151 690 2170 non
716 2138 858 2177 licuerit,
882 2145 974 2169 textu
998 2135 1070 2167 Lib.
1099 2136 1154 2165 lll.

35 2184 75 2216 ad
100 2184 200 2215 finem
219 2185 394 2227 pexducto,
419 2185 602 2225 fragmento
620 2196 686 2215 uno
705 2184 892 2231 eodemque
910 2182 1038 2222 exiguo,
1063 2180 1152 2223 quod

33 2228 120 2261 notis
147 2228 357 2260 insen-endum
390 2227 553 2267 duximus,
579 2239 717 2273 excepto
744 2241 780 2260 ea
805 2223 1041 2260 exhibebimus.

128 2285 160 2327 ¹)
184 2285 270 2316 Edd.
296 2285 344 2316 M.
372 2286 433 2325 „de
458 2286 572 2317 futuro
597 2284 724 2329 judicio
750 2284 841 2317 ludes.
846 2287 862 2303 “

78 2346 253 2378 Omossms
280 2346 658 2379 OPERA.'10M.XX1.
920 2345 955 2378 Π
