1404 2463
208 84 274 120 232
679 85 853 118 Omssssms

215 187 356 219 corpora
386 174 578 214 volucrum,
614 173 678 207 alia
708 173 881 218 piscium«
929 173 1039 216 Digne
1064 174 1185 207 etenim
1209 176 1328 208 sanctis

215 236 389 277 eoelestia,
422 245 553 268 terrena
582 236 813 280 peccatoribus
846 244 1091 280 comparantur.
1138 236 1230 270 Haec
1259 237 1331 282 qui-

216 299 293 332 dem
316 298 403 331 dicta
426 298 491 331 sint
513 298 667 331 adversus
693 311 750 331 eos
765 325 773 339 ‚
799 297 855 343 qui
877 299 1156 331 resurrectionem
1179 308 1332 331 mortuo-

216 373 301 400 rum,
324 360 358 393 id
384 369 441 400 est,
465 360 741 393 resurrectionem
767 372 948 404 corporum
972 368 1102 401 negant.

305 422 335 457 3.
382 423 478 454 Nunc
509 434 586 454 vero
619 434 806 455 sermonem
839 421 1061 454 convertimus
1086 421 1128 453 ad
1151 420 1333 453 nonnullos

216 493 426 524 nostrorum,
460 484 517 528 qui
542 484 593 517 vel
617 497 679 529 pro
704 483 892 516 intellectus
917 483 1110 525 exiguitate,
1147 482 1200 514 vel
1224 482 1335 527 expla-

216 545 359 578 nationis
389 546 522 590 inopia,
558 546 652 578 valde
685 544 782 577 vilem
818 554 849 577 et
874 543 1039 590 abjectum
1062 557 1195 577 sensum
1218 545 1260 577 de
1283 557 1334 576 re·-

217 608 421 640 surrectione
466 608 615 652 corporis
654 607 884 640 introducunt.
949 606 1044 650 Quos
1082 606 1335 648 interrogamus,

221 671 395 714 quomodo
429 668 614 711 intelligant
645 668 784 701 animale
818 681 937 712 corpus
961 667 1064 710 gratia
1087 667 1337 700 resurrectionis

217 730 482 773 immutandum,
520 740 553 762 et
583 729 755 775 spirituale
787 730 954 770 futurum3
989 738 1022 761 et
1046 730 1219 773 quomodo
1245 730 1336 774 quod

217 793 251 826 in
267 792 458 825 infirmitate
475 792 669 833 seminatur,
694 800 956 824 resurrecturum
980 791 1121 824 sentiant
1148 792 1182 824 in
1200 792 1339 831 virtute;

218 855 310 899 quod
342 855 375 887 in
405 854 631 896 ignobilitate,
664 852 836 898 quomodo
868 854 1061 898 resurgat¹)
1092 853 1125 885 in
1149 854 1270 895 glori-‘23
1306 863 1337 886 et

219 917 311 961 quod
342 916 377 948 in
408 915 635 960 corruptione,
660 914 834 959 quomodo
859 915 900 946 ad
924 915 1211 960 incorruptionem
1236 924 1340 948 trans-

216 978 351 1010 feratur.
399 977 504 1020 Quod
535 977 650 1022 utique
681 976 707 1008 si
740 977 879 1008 credunt
910 977 1084 1020 apostolo,
1116 977 1191 1022 quia
1217 990 1339 1022 corpus

219 1039 251 1071 in
284 1038 389 1081 gloria
424 1048 456 1071 et
480 1039 600 1071 virtute
626 1047 658 1070 et
681 1037 1000 1081 incorruptibilitate
1024 1050 1212 1080 resurgens,
1243 1039 1340 1083 spiri-

218 1101 353 1146 tuale2)
383 1100 448 1146 jam
480 1101 638 1133 effectum
670 1098 730 1140 sit,
770 1099 950 1131 absurdum
985 1099 1118 1131 videtur
1156 1109 1189 1132 et
1225 1109 1340 1134 contra

221 1176 351 1195 sensum
377 1162 523 1207 apostoli
548 1161 670 1202 dicere,
694 1161 729 1193 id
753 1174 884 1193 rursum
910 1161 1014 1194 carnis
1039 1170 1072 1193 et
1087 1161 1252 1203 sanguinis
1267 1175 1341 1206 pas-

219 1224 368 1257 sionibus
392 1223 567 1269 implicari,
593 1237 667 1257 cum
686 1224 859 1256 manifeste
878 1223 966 1256 (licat
982 1223 1171 1267 apostolus:
1198 1223 1340 1267 „Quon-

222 1288 285 1319 iam
300 1288 333 1331 ³)
359 1300 435 1320 caro
461 1295 494 1318 et
517 1285 645 1328 sanguis
676 1298 812 1327 regnum
839 1285 904 1317 Dei
927 1298 995 1317 non
1018 1285 1256 1330 possidebunt3
1285 1298 1342 1318 ne-

222 1362 284 1393 que
323 1348 494 1392 corruptio
526 1347 812 1390 incorruptionem
827 1347 858 1390 ⁴)
891 1347 1108 1391 possidebit.“
1157 1347 1225 1380 Sed
1256 1347 1342 1380 illud

222 1410 440 1454 quomodo''’)
465 1409 644 1453 accipiunt,
671 1408 760 1452 quod
787 1407 868 1440 dicit
892 1409 1081 1452 apostolus:
1109 1408 1258 1449 „Omnes
1285 1423 1342 1442 au-

221 1481 288 1504 tem
320 1471 621 1503 immutabimur?“
665 1470 760 1512 Quae
793 1469 908 1513 utique
938 1469 1128 1502 immutatio
1159 1471 1341 1503 secundum

220 1534 316 1566 illum
343 1534 506 1571 ordinem,
531 1546 629 1577 quem
654 1531 806 1576 superius
831 1531 1016 1570 docuimus,
1041 1532 1260 1575 exspectanda
1278 1541 1342 1565 est:

222 1596 254 1627 in
281 1609 343 1639 qua
369 1596 437 1627 sine
462 1594 564 1626 dnbio
591 1594 726 1636 dignum
741 1594 772 1637 ¹⁵)
799 1592 923 1637 aliquid
950 1592 1059 1624 divina
1084 1592 1185 1634 gratia
1209 1606 1341 1637 sperare

315 1766 346 1808 ¹)
370 1763 455 1795 Edd.
484 1761 530 1794 M.
559 1770 755 1803 „susm-geta·
784 1782 824 1785 —
851 1761 919 1793 Cfr.
947 1761 957 1791 l
986 1760 1062 1793 Cor.
1087 1760 1162 1799 XV,
1186 1760 1342 1796 42-44.

314 1820 347 1863 ²)
372 1819 434 1851 Ed.
468 1817 515 1850 Μ.
541 1818 564 1852 l.
599 1817 792 1861 „spirituale
828 1817 893 1861 jam
927 1816 1106 1849 effectum:
1140 1816 1340 1849 absurdum«

224 1875 296 1905 etc.‚
323 1865 374 1897 ed.
401 1863 449 1896 M.
476 1864 518 1898 ll.
545 1863 734 1907 »spirituale
761 1872 809 1896 est
833 1863 1009 1894 effectum:
1038 1862 1239 1894 absurdum«
1266 1872 1327 1895 etc.

317 1921 350 1964 ³)
377 1921 391 1951 I
417 1920 493 1952 Cor.
517 1919 590 1958 XV,
616 1918 670 1952 50.

226 2022 235 2053 l
313 1975 429 2054 ⁴)RSic
454 1975 532 2008 Mss.
557 1974 649 2006 Libri
681 1974 762 2006 editi
793 1975 838 2017 (v.
865 1987 892 2007 c.
919 1974 992 2006 edd.
1020 1973 1086 2018 M.)
1112 1973 1342 2019 „incorrupte-

239 2035 321 2054 am.«
380 2047 387 2053 .

316 2077 349 2121 ⁵)
373 2075 466 2108 Libri
500 2075 580 2108 editi
607 2074 654 2118 (v.
681 2088 707 2107 c.
733 2075 808 2108 edd.
835 2075 899 2109 Μ.)
940 2074 1133 2118 »quomodo
1159 2074 1342 2119 accipiunt:

224 2122 291 2156 Sed
321 2135 387 2154 non
422 2134 536 2153 omnes
567 2119 837 2152 immutabimur?
876 2118 971 2162 Quae
1005 2119 1194 2152 immutatio
1226 2133 1343 2152 secun-

225 2169 322 2200 dum«
356 2176 414 2200 etc.
462 2166 530 2199 Sed
562 2166 640 2198 Mss.
671 2175 708 2198 ut
738 2165 771 2197 in
802 2174 918 2197 nostro
949 2174 1050 2197 textu.
1081 2165 1121 2198 R.
1145 2185 1189 2191 —-
1227 2165 1239 2196 l
1266 2165 1343 2198 Cor.

224 2213 297 2251 XV,
369 2238 375 2243 .

319 2212 540 2312 5³)1Nlendose
573 2266 604 2298 in
642 2276 735 2299 antea
769 2266 865 2299 editis
891 2266 936 2309 (V.
964 2280 989 2298 c.
1014 2265 1089 2298 edd.
1117 2266 1181 2310 Μ.)
1206 2265 1344 2307 legitur:
