1404 2463
177 110 221 145 20
649 108 825 144 Omoems

180 200 221 233 sit
243 208 360 232 nostro
385 198 521 244 corpori
544 198 671 240 simile,
695 212 736 232 eo
760 199 836 231 solo
861 198 1042 237 disserens,
1075 198 1166 242 quod
1191 206 1304 230 natum

182 275 221 294 ex
253 261 376 304 virgine
407 261 485 305 et¹)
520 260 650 305 Spiritu
679 270 794 294 sancto
829 268 887 292 est.
940 259 983 291 Et
1015 259 1172 303 quoniam
1184 259 1218 304 ²)
1251 258 1304 290 hic

181 324 325 368 Jesus³)
350 322 501 357 Christus
530 331 626 354 natus
637 322 671 366 ⁴)
696 331 728 354 et
760 334 873 366 passus
905 330 955 353 est
991 321 1025 353 in
1054 320 1201 361 veritate,
1226 321 1304 363 et⁵)

183 385 299 429 non⁶)
328 397 389 429 per
422 383 626 428 phantasiam
663 395 877 416 communem
907 383 991 415 hanc
1028 391 1174 414 mortem
1210 380 1306 414 susti-

182 445 267 486 nuit,
291 458 368 478 vere
397 453 567 477 mortuus:
599 457 676 476 vere
710 445 798 477 enim
828 457 846 477 a
878 443 1020 477 mortuis
1047 443 1245 483 resurrexit,
1276 450 1309 475 et

183 517 263 553 post
284 506 582 545 resurrectionem,
619 515 832 539 conversatus
863 519 938 539 curn
963 504 1135 550 discipulis
1158 505 1235 545 suis,
1258 517 1309 536 as⁵

184 578 312 601 sumtus
337 577 395 601 est.
440 567 528 600 Tum
553 567 721 613 deinde⁷)
752 568 882 601 honore
913 581 950 600 ac
974 567 1133 610 dignitate
1156 565 1249 599 Patri
1272 578 1310 597 ac

185 630 277 663 Filio
316 629 479 663 sociatum
513 630 769 675 tradideruntss)
808 630 972 675 Spiritum
1010 638 1170 666 sanctum,
1223 629 1261 661 Iu
1275 627 1310 672 ⁹)

188 692 254 725 hoc
277 705 345 724 non
376 691 442 736 jam
472 691 648 724 manifeste
677 691 891 732 discernitur,
925 701 1037 725 utrum
1054 692 1106 735 ¹⁰)
1135 689 1309 732 natus‚¹¹)

187 766 228 787 an
258 753 390 786 innatus
420 752 540 797 vel¹²)
579 753 687 786 Filius
720 753 819 787 etiam
849 753 917 786 Dei
954 754 1025 799 ipse
1056 751 1228 785 habendus
1258 749 1312 788 sit,

282 920 314 965 ¹)
338 919 401 953 Ed.
426 920 476 953 M.
501 920 526 953 Ῑ.
554 930 607 953 »et
630 930 743 954 sancto
769 919 900 966 Spiritu
924 929 1003 953 ests(

279 977 313 1020 ²)
337 975 402 1009 Ed.
425 975 474 1008 Μ.
500 975 542 1008 Π.
572 977 716 1021 »quod.“

281 1032 315 1077 ³)
340 1033 446 1065 Deest
470 1032 608 1065 »Jesus«
633 1032 668 1065 in
692 1034 744 1066 ed.
767 1032 817 1066 M.
842 1032 868 1065 I.

282 1089 317 1133 ⁸)
340 1088 404 1123 Ed.
428 1088 477 1121 M.
501 1088 528 1121 Ι.
555 1098 668 1121 »natus
693 1098 742 1122 est
766 1098 799 1121 et
823 1101 936 1134 passus
959 1088 993 1121 iu
1018 1087 1188 1120 veritate«

284 1144 318 1189 ⁵)
340 1145 446 1177 Deest
470 1154 543 1177 »et«
569 1146 659 1190 apud
682 1146 816 1178 Januar.

283 1200 319 1245 ⁶)
343 1199 400 1233 Sic
423 1200 504 1233 Mss.
544 1201 636 1233 Alias
667 1215 766 1234 vero:
801 1214 888 1234 »non
920 1214 983 1245 per
1012 1199 1190 1242 imaginem
1223 1211 1315 1231 com-

191 1245 286 1278 muni
314 1254 425 1278 morte
455 1258 533 1278 vere
563 1255 717 1279 mortuus
747 1256 808 1279 est.
853 1247 940 1278 Vere
971 1246 1079 1277 enim«
1115 1255 1177 1278 etc.
1208 1245 1249 1277 R.
1274 1264 1316 1270 —

191 1291 279 1324 Edd.
302 1290 350 1323 M.
386 1302 473 1322 »non
504 1303 566 1335 per
595 1290 773 1333 imaginem
806 1303 1019 1324 communem
1052 1292 1137 1323 hanc
1171 1299 1317 1322 mortem

193 1348 271 1368 vere
295 1344 447 1368 mortuus
471 1345 537 1368 est:
562 1349 638 1368 vere
663 1336 771 1369 enim«
800 1347 864 1369 etc.

286 1390 319 1436 ⁷)
343 1391 430 1423 Edd.
462 1391 511 1423 Μ.
539 1392 728 1426 »demum.«
779 1393 879 1436 Apud
907 1393 1043 1424 Januar.
1070 1391 1207 1435 legitur:
1240 1391 1318 1423 »de-

193 1449 287 1469 mum
309 1445 455 1468 natum.«
550 1436 585 1481 ⁸)
609 1438 741 1477 Januar.
768 1436 956 1470 »tradidit«

287 1491 322 1536 ⁹)
347 1492 478 1525 Desunt
501 1493 592 1537 apud
615 1494 747 1527 Januar.
772 1495 888 1526 verba:
921 1494 979 1526 »in
1002 1493 1068 1526 hoc
1092 1500 1134 1518 —‘-
1159 1490 1317 1525 discerni·

194 1547 260 1578 tur,
283 1557 336 1578 —‚
362 1546 396 1570 et
417 1538 525 1580 sagaci
549 1558 590 1563 —
614 1538 872 1581 investigandam

253 1593 321 1671 ἄη)
344 1593 431 1626 Edd.
464 1594 512 1626 Μ.
547 1603 679 1627 »utrum
709 1604 822 1636 natus,
847 1604 903 1628 aut
926 1594 1067 1628 innatus.
1114 1594 1183 1627 Sed
1206 1592 1318 1638 inqui-

191 1651 250 1671 ren
276 1651 314 1671 a«
342 1647 403 1672 etc.

267 1694 322 1738 ¹¹)
348 1693 452 1738 Quod
477 1695 574 1728 vertit
596 1696 754 1729 Rufinus:
782 1705 895 1728 »natus
919 1709 958 1728 an
983 1695 1144 1734 innatus,«
1171 1693 1212 1725 ab
1236 1692 1318 1724 Hie-

197 1751 342 1785 ronymo
371 1739 465 1784 epist.
479 1739 545 1780 94„
569 1740 648 1773 alias
660 1741 725 1781 59.,
749 1741 789 1773 ad
805 1740 942 1774 Avitum
965 1740 1134 1773 redditum
1161 1747 1225 1771 est:
1251 1738 1319 1769 »fa-

196 1794 268 1817 ctus
298 1797 339 1816 an
368 1785 543 1818 infectus.«
590 1786 731 1819 Errores
761 1786 886 1831 quippe
919 1785 997 1818 libri
1020 1787 1044 1818 Ι.
1079 1788 1163 1828 περὶ
1198 1783 1321 1826 ἀρχῶν

194 1841 369 1861 recensens
399 1829 462 1862 ait:
495 1830 668 1863 »Tertium
691 1831 849 1874 dignitate
875 1840 907 1863 et
930 1831 1060 1863 honore
1083 1839 1161 1875 post
1187 1829 1319 1861 Patrem

199 1884 231 1906 et
255 1873 381 1906 Filium
405 1873 519 1907 asserit
542 1875 706 1920 Spiritum
730 1886 890 1915 sanctum.
915 1877 956 1908 de
981 1890 1049 1921 quo
1068 1889 1143 1908 cum
1167 1874 1320 1916 ignorare

198 1932 231 1951 se
257 1919 364 1959 dicat,
397 1929 511 1952 utrum
543 1921 649 1953 factus
680 1921 738 1959 sit,
763 1935 802 1953 an
826 1922 987 1960 infectus,
1017 1921 1050 1952 in
1076 1918 1320 1965 posterioribus

198 1963 279 2008 quid
304 1964 345 1996 de
370 1977 410 1996 eo
434 1965 571 1998 sentiret
593 1967 769 2010 expressit.
791 1967 873 1999 nihil
897 1967 1021 2011 absque
1051 1966 1128 1998 Deo
1152 1973 1247 2009 patre
1271 1962 1322 1995 in-

196 2010 322 2041 sectum
355 2022 423 2042 esse
447 2010 678 2043 confirmans.«
727 2012 872 2053 Legebat
894 2012 1052 2044 nimirum
1076 2010 1319 2054 Hieronymus:

196 2054 343 2099 γενητὸς
364 2052 385 2096 ἢ
412 2054 598 2098 ἀγένητος·
623 2056 763 2089 Rufinus
778 2070 794 2089 e
813 2066 945 2090 contra:
970 2056 1139 2101 γεννητὸς
1161 2053 1182 2096 ἢ
1204 2054 1320 2098 α’γέν-

199 2112 310 2141 νητος.
356 2099 410 2131 De
434 2099 484 2132 his
508 2100 583 2133 vide
609 2100 838 2142 Origenianor.
864 2101 922 2135 lib.
948 2103 993 2134 ll.
1018 2109 1144 2146 quaest.
1162 2100 1203 2131 ΙΙ.
1227 2111 1317 2132 num.

197 2144 339 2204 21—24.
364 2145 404 2177 R.
432 2166 469 2170 -
498 2145 566 2179 Cfr.
593 2146 644 2178 ed.
670 2146 921 2191 Redepenning.
945 2160 1017 2192 pag.
1041 2145 1094 2180 91.
1119 2154 1189 2177 not.
1217 2143 1267 2179 18.

269 2199 323 2244 ¹²)
346 2200 588 2234 Desiderantur
609 2201 643 2233 in
668 2211 762 2234 antea
788 2203 886 2235 editis
909 2202 1002 2234 libris
1028 2202 1074 2245 (v.
1101 2215 1127 2233 c.
1146 2201 1221 2233 edd.
1241 2201 1319 2243 M),

194 2245 253 2277 sed
276 2245 488 2290 reperiuntur
511 2246 544 2278 in
569 2247 723 2279 omnibus
743 2248 822 2280 Mss.
847 2249 964 2280 verba:
990 2247 1063 2278 »vel
1079 2246 1186 2279 Filius
1204 2265 1242 2272 -
1262 2246 1318 2277 ha-

194 2290 322 2324 bendus
346 2291 398 2331 sit,
422 2303 482 2323 nec
506 2304 577 2325 ne.«
604 2292 644 2325 R.
671 2312 710 2318 —
736 2292 807 2327 Cfr.
833 2305 906 2337 pag.
930 2291 997 2337 huj.
1021 2302 1092 2325 not.
1119 2291 1170 2325 10.
