1404 2463
157 126 224 162 478
640 126 818 161 Omcssms

159 216 247 249 enim
277 224 395 248 natura
420 215 484 248 soli
509 214 572 248 sibi
598 215 731 258 cognita
756 225 818 249 est.
867 216 971 250 Solus
996 216 1086 249 enim
1110 215 1211 248 Pater
1233 227 1296 248 no-

156 277 204 310 vit
229 276 374 318 Filium,
406 286 440 310 et
461 277 553 310 solus
576 277 686 311 Filius
709 277 804 310 novit
829 278 981 318 Patrem,
1015 286 1048 310 et
1071 276 1164 310 solus
1188 276 1297 321 Spiri-

155 348 209 372 tus
240 348 372 373 sanctus
403 347 635 383 perscrutatur
667 338 768 371 etiam
807 339 874 372 alta
906 339 986 372 Dei.
1042 337 1163 372 Omnis
1194 337 1297 380 igitur

158 409 309 433 creatura
338 400 424 433 intra
456 409 587 433 certum
611 401 701 445 apud
727 413 804 432 eum
829 412 1012 432 numerum
1035 411 1296 444 mensuramque

155 462 388 504 distinguitur,
419 461 454 493 id
480 469 529 493 est
552 461 607 494 vel
630 461 885 494 rationabilium
909 473 1089 502 numerus,
1119 460 1175 492 vel
1199 472 1296 496 menq

154 536 229 556 sura
259 522 419 558 materiae
452 522 657 567 corporalis:
690 532 728 556 ut
753 522 914 568 quoniam
931 523 963 566 ¹)
990 533 1126 555 necesse
1151 530 1223 554 ent
1244 520 1296 554 uti

154 584 354 629 corporibus
377 584 647 617 intellectualem
669 594 840 625 naturam,
873 597 960 630 quae
984 593 1018 616 et
1042 581 1296 617 commutabilis

154 655 188 678 et
219 645 451 678 convertibilis
485 645 752 690 deprehenditur
776 659 812 678 ea
837 646 909 690 ipsa
936 644 1152 685 conditione,
1183 644 1295 689 qm')

153 708 243 740 sacta
268 717 333 749 cst3
359 727 401 733 —
426 707 519 751 quod
545 706 635 739 enim
660 720 728 740 non
752 706 836 746 fuit,
870 716 905 739 et
931 719 1001 740 esse
1027 705 1161 750 coepit,
1192 705 1295 738 etiam

152 768 219 801 hoc
248 769 324 813 ipso
348 777 488 801 naturae
514 768 686 802 mutabilis
712 768 904 810 designatur
928 781 989 800 -ε
1022 766 1104 800 ideo
1127 780 1192 800 nec
1213 767 1294 800 sub-

153 830 342 862 stantialem
368 829 489 861 habeat
503 828 537 872 ³)
562 829 617 862 vel
641 829 813 869 virtutem,
845 829 898 860 vel
923 827 1098 869 malitiam,
1123 829 1182 862 sed
1207 827 1295 861 acci·

154 891 288 923 denten.
339 889 512 933 Quoniam
525 889 559 935 ⁴)
586 902 684 933 ergo,
709 899 746 922 nt
770 888 932 928 diximus,
956 889 1130 921 mutabilis
1155 898 1189 922 et
1213 902 1294 922 con·

151 951 316 985 vertibilis
349 960 420 983 erat
448 961 567 984 natura
598 949 877 993 rationabilis,⁵)
918 952 964 983 ita
1001 959 1040 983 ut
1070 963 1135 997 pro
1165 950 1293 985 meritis

151 1013 253 1046 etiam
266 1014 300 1057 6)
332 1013 467 1045 diverso
500 1012 656 1057 corporis
686 1020 840 1044 uteretur
869 1011 1069 1045 indumento
1093 1011 1204 1056 illius,
1238 1013 1292 1046 vel

151 1074 244 1107 illius
268 1073 459 1118 qualitati5‚
491 1073 718 1107 necessarium
733 1074 766 1118 ⁷)
791 1072 877 1116 suit,
911 1083 950 1106 ut
972 1072 1059 1106 sicut
1083 1073 1292 1107 diversitates

149 1135 393 1181 praenoscebat
422 1135 519 1169 Deus
551 1136 679 1168 futuras
712 1135 766 1167 vel
798 1134 1005 1176 animarum,
1043 1135 1097 1169 vel
1129 1137 1290 1172 virtutum

151 1280 429 1324 subsequuntur,)
462 1280 576 1313 omnia
607 1279 877 1324 comprehendit.
925 1281 1018 1312 Inter
1042 1280 1154 1313 omnia
1177 1289 1290 1314 autem

152 1335 186 1360 ,et
218 1326 328 1358 Filius
363 1335 429 1365 est,
468 1338 548 1367 ergo
587 1335 620 1359 et
650 1326 782 1358 Filium
812 1325 1292 1377 comprehendit,Cu1·iosus

151 1371 260 1403 lector
290 1370 453 1414 inquirat,
484 1380 598 1402 utrum
631 1370 678 1403 ita
702 1383 720 1403 a
744 1379 852 1403 semet
874 1370 950 1414 ipso
977 1379 1202 1412 cognoscatur
1227 1371 1291 1404 Pa.

150 1425 219 1455 ter,
252 1416 430 1460 quomodo
458 1415 673 1456 cognoscitur
696 1428 713 1447 a
738 1415 851 1456 Filio;
881 1415 1057 1460 sciensque
1086 1415 1171 1448 illud
1197 1417 1292 1460 quod

148 1461 311 1505 scriptum
344 1469 410 1493 est.
443 1461 550 1493 Pater
580 1462 640 1504 qui.
671 1472 721 1493 me
752 1462 865 1502 misit,
899 1463 1012 1503 major
1042 1467 1093 1493 est
1117 1462 1291 1494 omnibus.-

148 1506 226 1551 (cfr.
253 1518 303 1538 ev.
329 1506 452 1538 Joann.
478 1505 570 1544 XIV,
594 1504 672 1556 28.)
693 1517 808 1536 verum
840 1517 911 1537 esse
944 1505 1144 1544 contendet,
1178 1514 1214 1537 ut
1239 1505 1291 1538 di-

151 1559 221 1592 cat,
255 1559 288 1582 et
317 1549 352 1582 in
383 1549 579 1591 cognitione
603 1548 697 1582 Filio
722 1549 859 1582 Patrem
893 1561 962 1581 esse
993 1548 1177 1601 majorem,
1208 1550 1290 1583 dum

175 1576 334 1628 er'fectius
366 1604 399 1627 et
428 1594 547 1638 purius
582 1608 599 1627 a
630 1604 738 1627 semet
767 1595 842 1638 ipso
876 1594 1110 1636 cognoscitur,
1146 1607 1246 1639 quam
1272 1608 1291 1628 a

147 1609 276 1673 giliof‘
324 1639 502 1673 Justinian.
528 1653 609 1672 vero
633 1640 700 1672 loc.
725 1640 817 1675 laud.
843 1639 945 1671 habet
968 1639 1108 1672 haecce.
1133 1643 1180 1673 Εἰ
1204 1641 1245 1675 δὲ
1269 1639 1289 1675 ὁ

150 1686 271 1744 πζατὴο
297 1686 500 1740 ἐμπεριέχει
527 1685 571 1719 τὰ
597 1685 732 1728 πάντα,
757 1687 831 1718 τῶν
855 1685 894 1719 δὲ
919 1697 1070 1718 παντων
1096 1687 1135 1719 τέ
1148 1685 1246 1719 ἔστιν
1271 1683 1290 1720 ὁ

149 1730 238 1773 υἱὸς,
265 1732 380 1774 δῆλον
405 1728 456 1765 ὅτι
485 1733 546 1764 καὶ
571 1729 635 1765 τὸν
659 1729 752 1765 υἱόν.
792 1727 879 1764 ”AM
884 1742 920 1768 ος
944 1730 987 1764 δέ
1008 1743 1058 1768 τις
1082 1729 1232 1784 ζητήσει,
1259 1733 1291 1766 εἰ

149 1776 282 1820 αληθὲς
306 1776 368 1811 τὸν
393 1773 484 1810 θεὸν
506 1774 568 1821 ὑφ’
595 1775 725 1810 ἑαυτοῦ
750 1772 996 1830 γινώσκεσθαι
1034 1777 1084 1820 ἰῶ
1109 1773 1290 1831 γινώσκξρ

149 1826 237 1856 σθαι
264 1820 377 1856 αὐτὸν
400 1820 474 1856 ὑπὸ
499 1823 563 1855 τοῦ
588 1833 712 1876 ponto)
715 1823 835 1860 ενοῦς·
863 1822 922 1854 καὶ
948 1819 1208 1866 ἆποᾳιτνεῖται,
1235 1819 1290 1856 ’ὅτι

147 1865 187 1901 τὸ
230 1869 443 1911 εἰρημένον·
484 1864 525 1900 »ὁ
565 1865 683 1908 τιατὴο
725 1865 743 1900 ὁ
781 1868 935 1910 πέμψας
965 1878 1013 1910 με
1046 1867 1180 1907 μείζων
1214 1879 1289 1909 μου

148 1913 265 1947 ἐστίν·
293 1913 372 1956 (cfr.
398 1924 448 1944 ev.
466 1911 588 1946 Joann
604 1912 698 1951 XIV,
721 1911 794 1954 28.)
820 1913 860 1946 ἐν
884 1913 1000 1944 πᾶσιν
1026 1909 1174 1957 ἀληθές·
1199 1911 1289 1947 ὥστε

148 1960 209 1991 καὶ
241 1957 282 1992 ἓν
306 1959 358 2004 τῷ
384 1960 482 1992 νοεῖν
507 1955 525 1991 ὁ
551 1957 671 2013 πατὴρ
695 1955 869 2011 μειζόνως
893 1958 953 1990 καὶ
983 1960 1204 2015 τρὲνοιέρως
1228 1959 1290 1991 καὶ

148 2005 373 2046 τελειοτὲοως
404 2005 540 2036 νοεῖται
566 2001 628 2047 ὑφ
660 2003 808 2044 ἑαυτοῦ,
844 1999 865 2043 ἢ
890 1999 962 2035 ὑπὸ
989 2002 1053 2035 τοῦ
1078 2003 1173 2035 υἱοῦ.
1197 2001 1288 2046 (cfr.

148 2047 199 2080 ed.
225 2047 356 2092 Redep.
385 2059 450 2092 pag
432 2046 538 2089 891
570 2060 663 2081 num.
688 2047 720 2081 6.
751 2056 822 2079 not.
851 2047 878 2081 1.
914 2046 993 2078 coll.
1017 2058 1091 2091 pag.
1117 2045 1194 2081 378.
1218 2059 1287 2092 seq.

146 2101 217 2125 not.
242 2091 314 2135 32.)
460 2092 490 2136 ¹)
516 2091 579 2128 Ed.
604 2093 653 2125 Μ.
679 2093 721 2125 ll.
749 2092 982 2136 „quomodof‘

240 2146 274 2192 ²)
299 2147 363 2182 Ed.
388 2149 437 2181 M.
463 2149 487 2182 Ι.
516 2151 672 2192 „quam.“
793 2148 827 2192 ³)
851 2147 940 2181 Edd.
966 2147 1017 2180 M.
1041 2147 1196 2188 „habam

239 2203 276 2246 ι)
298 2202 362 2236 Ed.
387 2203 437 2236 M.
460 2205 498 2238 ΙΙ.
527 2204 774 2248 „Quomodo.“
827 2204 860 2247 ⁵)
879 2203 968 2238 Edd.
989 2202 1040 2236 M.
1059 2201 1283 2244 „rationalis-³⁶

239 2259 273 2302 ⁶)
300 2258 388 2293 Edd.
414 2260 462 2293 M.
498 2261 620 2300 „etiam
655 2259 809 2303 corporis
833 2268 987 2292 uteretur
1010 2258 1208 2291 indumento
1235 2256 1284 2289 di-

148 2316 241 2336 verso
262 2302 380 2346 ,iniust
406 2313 470 2338 etc.
566 2306 600 2349 ⁷)
625 2305 688 2337 Ed.
714 2305 762 2337 M.
788 2305 814 2337 Ῐ.
842 2303 1083 2345 „necessario.“
