1404 2463
171 103 238 138 252
552 150 560 154 .
649 102 824 133 (jammis

173 194 306 232 coelos,
344 193 458 225 Jesuin
493 192 598 224 filiurn
632 191 717 229 Dei,
754 191 939 222 ‹liet-ntem:
980 190 1149 232 „Volo,¹)
1181 199 1217 220 ut
1242 188 1298 220 ubi

171 269 244 288 sum
271 268 349 296 ego,
381 264 413 286 et
444 253 499 285 isti
531 253 592 285 siut
625 258 789 285 mecum.“
839 253 905 285 Sed
942 261 974 283 et
1007 252 1048 283 de
1072 250 1122 283 liis
1145 251 1300 282 locorum

175 315 420 349 diversitatibus
458 314 600 353 indicat,
640 328 715 347 cum
747 314 846 346 dicit:
885 313 1080 355 „Multae'³)
1113 313 1301 344 mansiones

174 388 250 411 sunt
283 378 371 422 apud
404 386 532 422 patrem
564 380 710 409 meum.“
759 378 833 421 lpse
866 386 976 408 tamen
1010 375 1136 420 ubique
1168 383 1232 413 est,
1269 383 1302 406 et

176 440 327 472 universa
358 438 584 484 percurrit:³)
614 452 675 471 nec
714 439 801 471 ultra
833 437 1056 478 intelligamus
1089 449 1165 468 eum
1200 435 1233 468 in
1265 449 1303 476 ea

176 502 371 544 exiguitate,
403 500 435 533 in
462 514 526 546 qua
551 500 646 533 nobis
671 510 812 545 propter
836 513 895 532 nos
921 500 1061 531 effectus
1087 490 1220 538 εεις-ἰό
1246 507 1306 537 est,

176 577 243 597 non
256 564 289 607 4)
321 563 378 596 illa
413 562 741 606 circumscriptione,
776 575 875 606 qnam
905 561 939 593 in
963 570 1079 593 nostro
1104 573 1248 604 corpore
1273 559 1305 591 in

180 625 275 658 terris
307 625 435 669 positus
469 624 556 657 inter
580 624 730 656 homines
754 623 886 663 habuit,
923 636 990 667 quo
1006 623 1038 666 ⁵)
1064 623 1156 655 velut
1180 622 1212 654 in
1239 635 1306 654 uno

183 687 298 731 aliquo
325 686 565 729 circumseptus
591 687 667 718 loco
694 694 840 730 putetur.

268 748 300 783 7.
349 747 436 780 Cum
461 760 558 789 erg0,
584 747 674 779 verbi
700 747 819 788 gratia,
844 747 885 778 ad
911 746 1066 779 coelestia
1092 747 1164 778 loca
1190 757 1307 790 perve-

184 810 294 842 nerint
318 810 439 849 sancti,
476 809 600 852 tuncfi)
625 808 689 853 jam
715 809 877 841 rationem
907 818 1073 840 astrorum
1098 820 1159 852 per
1180 806 1308 849 singula

181 871 424 916 pervidebunt,
456 879 487 902 et
517 870 586 902 sive
618 870 795 902 animantia
818 878 913 908 sunt,
950 869 1016 901 sive
1041 868 1200 913 quicquid
1224 868 1309 900 illud

183 943 248 973 est,
281 932 578 976 comprehendent.
626 932 694 964 Sed
727 941 759 964 et
789 931 868 964 alias
899 930 1042 963 rationes
1067 943 1208 975 operum
1233 929 1310 969 Dei,

185 1008 264 1039 quas
297 994 337 1027 iis
368 994 439 1038 ipse
471 994 651 1032 revelabit,
684 993 880 1034 intelligent.
926 993 1002 1025 Jam
1034 992 1123 1025 enim
1153 1001 1309 1037 tanquam

188 1056 267 1089 filiis
290 1069 403 1088 rerum
428 1068 556 1094 causas,
583 1065 614 1087 ct
639 1055 796 1087 virtutem
819 1067 897 1086 suae
922 1054 1123 1087 conditionis
1147 1054 1312 1092 ostendet,

187 1128 221 1151 et
244 1117 382 1150 docebit
406 1130 480 1156 eos,
515 1131 615 1162 quare
647 1117 706 1149 illa
729 1115 870 1160 stella7)
896 1116 928 1147 in
952 1116 1015 1148 illo
1038 1116 1116 1149 loco
1142 1115 1228 1149 coeli
1253 1129 1313 1160 po-

189 1181 251 1214 sita
283 1190 349 1221 est,
383 1189 416 1212 et
447 1192 548 1224 quare
579 1181 620 1212 ab
645 1179 708 1212 alia
732 1188 825 1211 tanto
851 1178 1028 1210 dirimente
1050 1179 1160 1223 spatio
1185 1191 1313 1223 separa-

186 1253 257 1275 tur:
282 1242 375 1275 verbi
400 1242 521 1284 gratia,
546 1242 573 1274 si
597 1240 823 1286 propinquior
847 1239 981 1280 suisset,
1006 1240 1086 1284 quid
1112 1253 1149 1272 ex
1174 1241 1238 1273 hoc
1264 1253 1311 1272 es-

187 1315 238 1338 set
263 1306 426 1346 futurum,
449 1303 475 1336 si
502 1316 580 1335 vero
606 1303 746 1344 longius,
773 1303 853 1347 quid
877 1302 1061 1345 accideret3
1084 1312 1141 1335 aut
1163 1302 1190 1335 si
1208 1301 1314 1348 major

188 1367 304 1398 fuisset
328 1365 384 1397 illa
409 1365 522 1404 stella,
548 1378 647 1408 quam
674 1364 749 1404 illa,
774 1365 948 1408 quomodo
973 1363 1089 1396 similis
1113 1377 1180 1396 non
1207 1377 1314 1396 serva—

189 1438 281 1460 retur
299 1427 503 1466 universitas,
515 1428 548 1470 ⁸)
565 1427 622 1458 sed
642 1426 674 1457 in
691 1425 791 1457 aliam
811 1426 974 1470 quandam
993 1427 1134 1458 formam
1152 1437 1269 1458 cuncta
1282 1425 1316 1469 9)

190 1498 408 1522 mutarentur.
457 1488 513 1521 Sic
545 1501 622 1529 ergo
654 1487 802 1520 decursis
834 1487 1006 1527 omnibus,
1040 1501 1125 1532 qua-3
1155 1488 1188 1520 in
1212 1498 1315 1520 astro-

190 1566 265 1584 rum
290 1550 431 1590 ratione,
458 1560 491 1582 et
515 1550 547 1582 in
573 1550 620 1582 his
645 1548 927 1589 conversionibus,
951 1562 1034 1593 quae
1058 1549 1090 1582 in
1115 1549 1212 1582 cot-lo
1231 1560 1317 1590 suut,

295 1722 323 1764 ¹)
348 1721 409 1753 Ev.
434 1720 554 1752 Joann.
578 1719 687 1757 XVll,
711 1718 763 1752 24.
859 1719 892 1761 ²)
916 1719 976 1751 Ev.
1003 1720 1123 1752 Joanu.
1148 1720 1240 1759 XlV,
1264 1721 1294 1753 2.

287 1778 321 1818 3)
346 1776 403 1809 Sic
427 1776 507 1809 Mss.
535 1774 624 1807 Alias
647 1775 693 1816 (v.
721 1788 746 1806 c.
773 1775 804 1806 in
831 1775 904 1807 cdd.
933 1775 996 1818 M.)
1023 1776 1218 1819 „percum-it.
1255 1777 1319 1809 Vel

196 1824 281 1856 ultra
306 1822 529 1863 intelligamus
554 1834 629 1852 eum
656 1833 722 1852 uon
748 1819 781 1851 in
807 1824 864 1852 εῖν*
893 1829 954 1852 etc.
979 1821 1020 1855 R.

292 1880 325 1922 ⁴)
350 1878 437 1910 Edd.
463 1878 510 1910 Μ.
538 1889 626 1917 „non
651 1875 684 1907 in
709 1875 786 1907 illa“
813 1886 874 1908 etc.

290 1937 323 1978 ᾗ)
348 1934 424 1966 Edd
454 1934 500 1966 M.
528 1933 723 1978 „quomodo
749 1932 862 1964 velut“
889 1942 950 1965 etc.

288 1992 321 2032 ὓ)
347 1991 408 2022 Ed.
440 1990 483 2021 M.
512 1991 534 2021 l.
563 2003 671 2029 „nunc
705 1988 788 2033 jnm“
816 2000 878 2022 etc.
912 2010 945 2014 -
979 1989 1063 2022 Vide
1095 1990 1152 2023 lib.
1177 1992 1216 2024 ll.
1244 1991 1322 2024 Ori-

199 2035 368 2078 genlanor.
395 2044 518 2079 quaest.
545 2036 636 2067 Vlll.
660 2048 750 2067 num.
778 2034 806 2068 1.
832 2044 864 2066 et
887 2034 917 2069 3.

293 2093 326 2134 ⁷)
352 2091 437 2123 Edd.
464 2091 511 2123 M.
539 2091 654 2130 „stella
680 2091 768 2123 coeli
793 2091 827 2123 in
853 2091 912 2124 illo
939 2092 1015 2124 loco
1040 2091 1149 2135 posita
1174 2096 1254 2125 est.“

293 2148 325 2190 ⁵)
351 2146 407 2179 Sic
434 2147 511 2179 Mss.
539 2148 626 2179 Alias
653 2150 697 2190 (v.
724 2161 751 2179 c.
777 2147 811 2179 in
837 2148 912 2180 edd.
939 2148 1004 2189 M.)
1033 2147 1254 2189 „dive1·si1as.“
1282 2149 1320 2181 Ρι.

292 2205 325 2245 9)
349 2203 404 2235 Sic
431 2202 510 2237 Mss.
538 2203 643 2235 Alias:
684 2213 823 2242 „cuncta
853 2204 1093 2242 formarentur,
1123 2203 1151 2235 si
1176 2204 1322 2237 decursis

201 2248 376 2280 υιῃηίὺυεις
404 2257 464 2278 cte.
494 2249 531 2280 R,
557 2268 598 2271 —
626 2248 712 2281 Edd.
742 2249 786 2281 M.
822 2258 960 2290 „cuncta
985 2249 1216 2281 formarentur.
1265 2251 1321 2283 Sic

203 2293 348 2327 decursis
373 2293 546 2325 omuibus“
575 2302 636 2325 etc.

1380 557 1387 595 -α
