1404 2463
465 145 510 168 m:
536 134 730 168 ancmns
753 134 828 167 Lm.
855 134 911 168 lv.
1194 134 1261 170 473

124 223 277 257 habetur.
348 223 398 256 lbi
444 233 557 257 tamen
598 224 761 267 scriptum
800 223 987 256 invenimus
1027 224 1092 256 hoc
1132 224 1258 257 modo:

125 285 225 324 „Non
244 284 275 329 ¹)
301 285 401 326 enim,
426 285 601 330 inquit,²)
635 286 748 317 deerat
782 284 1008 328 omnipotenti
1033 285 1145 317 manui
1171 294 1259 325 tuae,

123 357 208 389 quae
234 355 403 378 creaverat
427 347 590 378 mundum
615 358 654 378 ex
678 345 817 378 informi
842 346 990 386 materia,
1014 346 1195 379 immittere
1219 348 1259 380 iis

122 406 374 439 multitudinem
387 406 421 450 3)
444 420 612 446 ursorum,
637 407 690 438 vel
715 407 846 439 feroces
871 407 1019 440 leones.“
1068 407 1259 460 Quamplu-

122 466 201 499 rimi
231 480 310 500 sane
342 476 461 512 putant
491 480 604 500 rerum
636 466 742 511 ipsam
757 466 790 511 ⁴)
822 467 997 500 materiam
1023 468 1199 510 significari
1224 469 1259 501 in

123 540 177 567 eo,
202 529 294 572 quod
319 528 354 560 in
379 528 549 573 principio
568 528 707 562 Genesis
731 530 894 572 scriptum
913 537 960 561 est
977 542 995 561 a
1012 530 1126 562 Mose:
1153 530 1212 571 „ln
1226 532 1259 575 ⁵)

122 588 294 633 principio
327 588 409 621 fecit
432 589 527 622 Deus
555 590 690 623 coelum
716 598 749 621 et
772 598 912 630 terram,
943 599 1030 622 terra
1054 600 1166 623 autem
1192 600 1261 624 erat

123 649 307 683 invisibilis
341 659 374 683 et
396 649 671 694 incomposita:“
709 650 911 682 invisibilem
924 651 956 694 6)
982 664 1128 696 namque
1153 661 1186 684 et
1209 652 1260 684 in-

123 711 349 756 compositam
382 720 504 744 terram
535 725 606 744 non
640 712 732 744 aliud
762 711 849 755 iis⁷)
876 712 988 744 Moses
1022 725 1122 757 quam
1153 713 1256 745 infor-

124 785 215 805 mem
252 773 428 805 materiam
462 773 551 805 visus
585 782 635 805 est
666 772 826 805 indicare.
876 772 980 816 Quod
1013 773 1040 805 si
1072 786 1150 807 vere
1179 775 1261 807 haec

126 842 175 866 est
198 834 355 873 materia,
380 842 513 866 constat
538 833 657 866 exinde
681 833 953 866 inconvertibilia
977 847 1047 867 non
1072 848 1142 868 esse
1165 835 1259 868 initia

124 907 319 939 corporum.
366 895 497 937 Nam⁸)
523 893 575 934 hi,
600 894 658 939 qui
683 903 833 934 atomos,
860 895 913 926 vel
939 907 993 934 ea,
1017 908 1101 939 quae
1126 896 1160 928 in
1182 909 1260 940 par-

122 964 174 988 tes
198 956 313 988 venire
337 969 405 988 non
431 964 589 999 possunt,
625 956 678 988 vel
691 956 725 999 9)
752 967 809 996 ca,
841 968 925 999 quae
948 955 983 987 in
1006 956 1161 1000 aequales
1184 969 1260 1000 par-

124 1025 175 1048 tes
200 1015 348 1056 veniunt,
374 1017 426 1049 vel
443 1017 495 1060 ¹⁰)
521 1029 625 1049 unum
650 1016 789 1060 aliquod
815 1016 1022 1048 elementum
1046 1030 1158 1049 rerum
1185 1030 1259 1050 cor-

124 1077 295 1121 poralium
326 1078 492 1122 principia
523 1087 727 1122 posuerunt,
762 1089 888 1109 nomen
919 1077 1095 1117 materiae,
1124 1077 1168 1122 vid
1199 1088 1258 1120 est,

123 1139 217 1183 quod
253 1139 486 1183 principaliter
529 1138 703 1171 materiam
743 1137 923 1179 significat,
963 1137 1052 1169 inter
1092 1137 1260 1182 principia

123 1208 268 1233 statuere
301 1213 370 1233 non
395 1201 660 1244 potuerunt.¹¹)
707 1200 826 1243 Neque
859 1198 948 1230 enim
977 1211 1054 1230 cum
1083 1199 1257 1231 materiam

125 1261 308 1307 subjiciunt
332 1262 425 1294 omni
452 1261 589 1305 corpori
613 1273 675 1304 per
699 1260 812 1292 omnia
838 1259 1094 1292 convertibilem
1111 1259 1165 1303 ¹²)
1182 1261 1260 1291 sub-

124 1324 298 1363 stantiam,
323 1323 375 1355 vel
399 1322 617 1361 mutabilem,
642 1321 695 1352 vel
721 1320 944 1359 divisibilem,
969 1329 1060 1352 extra
1084 1320 1262 1364 qualitates

223 1462 255 1506 ¹)
280 1461 359 1506 Sap.
385 1461 454 1495 Sal.
479 1460 539 1501 XI,
565 1460 617 1495 17.

219 1518 253 1562 ²)
278 1518 384 1550 Deest
414 1517 449 1549 in
474 1525 570 1549 antea
596 1515 694 1549 editis
719 1516 770 1559 (v.
798 1527 825 1548 c.
850 1514 927 1546 edd.
953 1514 1039 1558 Μ.),
1069 1513 1130 1546 sed
1160 1513 1261 1546 habe-

127 1581 185 1605 tur
207 1572 241 1605 in
266 1574 349 1607 Mss.
375 1573 515 1618 „inquit.
521 1576 538 1594 ‘⁴
564 1573 605 1605 R.

221 1629 256 1672 3)
281 1628 339 1661 Sic
370 1638 460 1661 recte
485 1629 566 1662 Mss.
590 1627 684 1660 Editi
717 1627 765 1670 (v.
792 1639 819 1658 c.
845 1625 920 1657 edd.
945 1624 1012 1669 M.)
1046 1624 1260 1666 „similitudi-

127 1687 238 1717 nem.“
265 1685 306 1717 R.

221 1739 255 1784 α)
280 1740 368 1772 Edd.
394 1738 444 1772 M.
472 1739 672 1782 „ipsarum.“
770 1738 803 1781 ⁵)
830 1737 916 1770 Gen.
944 1737 970 1776 Ι,
997 1735 1026 1772 1.
1050 1735 1082 1769 2.

220 1795 255 1839 ⁶)
282 1795 351 1828 Cfr.
378 1795 430 1827 ed.
458 1795 587 1838 Redep.
613 1806 686 1838 pag.
711 1794 787 1828 375.
811 1803 883 1826 not.
909 1793 964 1827 22.

223 1851 256 1895 ⁷)
282 1851 340 1884 Sic
365 1851 445 1884 Mss.
471 1851 605 1895 (itemq.
631 1851 683 1883 ed.
709 1850 818 1893 M.'l.)
844 1848 938 1881 Editi
957 1848 1002 1892 (ν.
1022 1860 1048 1879 c.
1068 1848 1120 1880 ed.
1137 1847 1184 1880 M.
1201 1849 1261 1891 ll.)

131 1909 258 1950 „esse.“
285 1907 326 1939 R.
422 1906 457 1951 Θ)
485 1906 554 1939 Cfr.
582 1906 633 1938 ed.
658 1905 788 1948 Redep.
813 1917 887 1948 pag.
911 1903 987 1938 375.
1012 1912 1084 1937 not.
1107 1902 1162 1938 26.

221 1963 257 2006 9)
284 1962 354 1995 Cfr.
380 1962 432 1994 ed.
460 1963 590 2006 Redep.
615 1973 689 2005 pag.
715 1960 791 1996 376.
816 1969 887 1993 not.
914 1959 944 1994 1.

203 2018 257 2062 ¹⁰)
283 2017 341 2051 Sic
365 2018 446 2050 Mss.
472 2016 565 2049 Editi
590 2018 635 2061 (v.
661 2030 690 2050 c.
717 2016 792 2048 edd.
811 2015 878 2060 M.)
904 2015 978 2057 „vel
1002 2028 1105 2046 unum
1131 2015 1172 2047 ad
1198 2016 1264 2047 elc-

131 2075 305 2106 mentum“
333 2082 396 2105 etc.
420 2073 462 2106 R.
488 2092 529 2098 —
556 2072 625 2105 Cfr.
652 2072 704 2104 ed.
729 2072 859 2116 Redep.
884 2083 957 2116 pag.
981 2070 1058 2107 376.
1083 2080 1153 2104 not.
1178 2071 1209 2105 2.

205 2129 261 2172 ¹¹)
284 2129 348 2161 Ed.
373 2129 423 2161 M.
449 2129 473 2161 l.
501 2130 741 2172 ‚,posuerunt.“

162 2188 167 2192 ’
205 2185 260 2228 ¹²)
284 2185 343 2218 Sic
368 2185 449 2217 Mss.
475 2184 512 2216 In
547 2183 645 2216 editis
670 2184 765 2216 deest
790 2182 1026 2225 „substantiam
1037 2185 1066 2222 ‚“
1100 2191 1149 2214 ct:
1190 2183 1265 2223 „vel

133 2240 370 2274 divisibilem.“
396 2240 437 2272 R.
465 2256 504 2262 —-
530 2240 618 2272 Edd.
643 2239 692 2272 M.
718 2239 1016 2283 „convertibilem,
1040 2238 1094 2271 vel
1119 2238 1266 2271 mutabi-

136 2296 202 2329 lem
227 2296 457 2337 substantiam,
483 2300 593 2329 cxtra“
621 2306 681 2330 etc.
