1404 2463
211 78 275 111 168
686 79 860 112 Omnsms

214 168 401 212 Stephanus
427 178 458 200 et
483 169 629 212 apostoli
655 182 770 213 preces
795 182 868 202 suas
895 168 1039 209 dirigunt
1065 170 1105 200 ad
1132 183 1205 202 eum
1220 170 1342 208 Deum,

212 229 269 273 qui
300 230 380 262 fecit
413 230 545 263 coelum
580 240 610 261 et
641 240 781 271 terram,
820 241 849 263 ct
885 231 942 275 qui
974 231 1106 262 locutus
1137 241 1184 263 est
1218 245 1280 276 per
1304 245 1341 264 os

212 302 403 324 sanctorum
439 292 679 337 prophetarum
710 305 864 325 snorum:
909 293 1017 336 ipsum
1050 293 1198 325 dicentes
1229 294 1340 325 Deum

214 353 395 393 Abraham,
428 355 516 387 Isaac
548 364 581 386 et
609 355 731 386 Jacob:
775 354 905 393 Deum,
941 354 997 398 qui
1030 354 1143 386 eduxit
1174 355 1340 399 populum

213 429 310 447 suum
335 417 376 448 de
401 425 488 448 terra
517 416 667 462 Aegypti.
705 415 802 458 Quae
827 416 1007 447 sententiae
1033 428 1164 448 sensum
1191 426 1343 449 nostrum

214 477 460 509 evidentissime
492 478 563 510 siue
595 477 700 510 dubio
733 478 772 509 ad
806 477 963 509 creatoris
989 477 1134 519 dirigunt
1158 476 1287 519 fidem(
1311 489 1343 511 et

212 539 372 571 affectum
405 539 473 583 ejus
507 539 656 572 inserunt
680 539 747 577 his,
787 540 841 583 qui
866 539 947 570 haec
971 538 1026 583 pie
1052 539 1093 571 de
1119 552 1159 571 eo
1184 540 1345 573 fideliter-

212 612 276 644 que
307 600 513 633 didicerunt:
552 601 635 633 sicut
670 611 701 633 et
731 602 802 645 ipse
828 601 983 634 Salvator
1014 614 1090 633 cum
1121 601 1343 644 iuterrogatus

213 671 314 701 esset,
352 664 444 707 quod
481 664 674 695 mandatum
707 673 791 695 esset
815 663 995 695 maximum
1023 663 1174 695 omnium
1199 663 1233 695 in
1261 663 1343 705 lege,

212 724 406 768 respondit,
440 724 575 756 dicens:
613 725 764 767 „Diliges
782 726 810 768 ¹)
836 725 1023 757 Dominum
1049 725 1161 757 Deum
1186 734 1279 757 tuum
1305 738 1343 757 ex

213 795 286 817 toto
312 786 413 817 corde
438 795 515 823 tuo,
550 796 581 818 et
607 801 643 818 ex
669 796 738 818 tota
763 788 870 819 anima
895 796 970 825 tua,
1008 796 1039 818 et
1072 799 1109 818 ex
1135 796 1206 819 tota
1230 797 1342 826 memp

212 857 280 880 tua.
329 847 521 880 Secundum
559 857 671 879 autem
709 848 819 880 simile
853 859 900 880 est
932 848 1026 880 huic:
1065 847 1195 890 Diliges
1229 848 1345 893 proxi-

213 922 303 941 mum
335 918 430 940 tuum
456 908 541 940 sicut
565 919 599 941 te
622 909 765 953 ipsum.“
813 910 857 942 Et
881 910 929 942 his
954 909 1106 942 addidit:
1144 910 1287 954 „qui-³²)
1311 911 1343 943 in

211 970 280 1002 istis
305 971 437 1003 duobus
463 971 625 1003 mandatis
650 981 721 1003 tota
745 972 796 1003 lex
814 972 938 1015 pendet
957 982 987 1004 et
1004 971 1220 1016 prophetaes·
1250 971 1346 1015 Quo-

213 1032 317 1064 modo
344 1045 421 1073 ergo
449 1033 498 1074 ei,
532 1045 631 1076 quem
659 1033 850 1071 erudiebat,
877 1042 976 1077 atque
1002 1033 1034 1065 in
1048 1034 1082 1077 ³)
1108 1033 1344 1077 discipulatum

211 1093 432 1138 producebat,
458 1094 522 1126 hoc
547 1095 739 1127 mandatum
766 1104 839 1127 nme
866 1096 977 1126 omnia
1001 1095 1153 1127 mandata
1173 1107 1345 1128 commen-

211 1156 286 1194 dat,
318 1168 379 1199 per
412 1156 504 1200 quod
529 1156 599 1188 sine
625 1156 729 1188 dubio
754 1156 789 1188 in
813 1157 923 1188 Deum
950 1156 1030 1198 legis
1056 1156 1126 1201 ejus
1151 1157 1345 1190 conciliare-

211 1226 266 1248 tur
297 1218 456 1256 affectus,
500 1230 540 1249 eo
574 1219 665 1262 quod
699 1218 779 1261 ipsis
811 1217 860 1250 his
886 1219 994 1251 verbis
1008 1220 1042 1262 ⁴)
1068 1219 1147 1251 haec
1172 1220 1303 1252 fuerant
1327 1233 1344 1252 a

211 1279 283 1320 lege
307 1279 518 1323 praedicata?
552 1280 620 1312 Sed
647 1281 849 1312 concedatur
874 1290 989 1313 contra
1004 1282 1037 1324 ⁵)
1061 1281 1116 1313 has
1141 1294 1257 1313 omnes
1275 1282 1344 1314 evi-

212 1340 420 1373 dentissimas
445 1341 716 1385 approbationes,
743 1341 819 1384 quia
832 1342 865 1385 ὃ)
891 1343 932 1374 de
957 1343 1023 1375 alio
1047 1344 1161 1375 nescio
1183 1357 1251 1387 quo
1266 1345 1343 1376 Deo

214 1402 302 1434 dicat
319 1402 490 1435 Salvator:
518 1401 711 1445 „Diliges⁷)
737 1403 923 1435 Dominum
949 1404 1060 1436 Deum
1085 1414 1180 1437 tuum
1207 1418 1243 1437 ex
1268 1415 1343 1438 toto

212 1464 313 1496 corde
338 1474 434 1503 tuo‚«
466 1473 499 1495 et
522 1464 649 1508 reliqua
675 1477 759 1508 quae
785 1464 873 1497 dicta
897 1475 982 1498 sunt.
1032 1466 1075 1498 Et
1099 1468 1292 1510 quomodo,
1317 1467 1344 1500 si

212 1526 264 1557 lex
290 1535 321 1557 et
345 1525 531 1569 prophetae
558 1527 714 1558 creatoris
749 1536 825 1558 sunt
849 1526 934 1559 sicut
960 1528 1093 1567 dicunt,
1125 1528 1159 1560 id
1188 1538 1236 1560 est
1262 1529 1344 1561 alte—

212 1587 278 1619 rius
303 1587 367 1618 Dei
393 1597 524 1631 praeter
550 1600 643 1626 eum,
678 1588 821 1631 quemss)
846 1588 891 1620 ait
917 1590 1060 1629 bonum,
1103 1600 1347 1634 consequenter

308 1756 337 1797 ¹)
372 1753 490 1787 Matth.
522 1754 621 1786 XXII
671 1753 723 1788 37.
755 1753 806 1787 39.
841 1755 916 1787 coll.
953 1756 1053 1788 Deut.
1080 1757 1140 1795 VI,
1165 1758 1195 1791 5.
1236 1757 1368 1790 l‚evit.'

218 1799 308 1838 mx,
335 1799 384 1834 18.
489 1801 521 1843 2)
548 1779 667 1831 Mani„
691 1798 802 1840 xxm,
824 1800 876 1833 40.

303 1856 336 1899 ³)
362 1856 417 1889 Sic
444 1856 523 1889 Mss.
558 1854 650 1886 Editi
683 1867 760 1887 vero
795 1857 838 1898 (v.
867 1869 893 1889 c.
922 1857 996 1889 edd.
1023 1856 1088 1900 M.)
1115 1857 1170 1897 „in
1195 1857 1344 1902 discipli-

221 1910 366 1934 natum«
393 1901 433 1934 R.

304 1957 336 2001 ⁴)
362 1957 467 1989 Deest
497 1956 529 1988 in
563 1967 655 1989 antea
693 1957 789 1990 editis
813 1958 859 2000 (v.
887 1972 912 1989 (r.
940 1957 1015 1989 cdd.
1042 1957 1126 2000 Μ.),
1157 1959 1215 1990 sed
1241 1959 1342 1991 habe-

217 2012 267 2033 tur
292 2002 324 2034 in
350 2001 431 2035 Mss.
457 2002 618 2044 „verbisſs‘
646 2003 684 2034 R.

303 2059 338 2102 5)
361 2058 452 2090 Libri
479 2058 558 2090 editi
584 2059 629 2101 (v.
657 2072 685 2089 c.
713 2058 788 2090 edd.
807 2058 871 2100 M.)
899 2058 1038 2099 „circas-⁶
1066 2059 1145 2091 Mss.
1170 2069 1206 2092 ut
1231 2059 1263 2092 in
1281 2073 1340 2092 no-

211 2114 279 2136 stro
305 2112 406 2135 textu.
435 2104 472 2135 R.
599 2104 630 2146 ι5)
656 2103 718 2135 Ed.
746 2102 791 2134 Μ.
817 2102 858 2135 ll.
886 2104 1031 2147 „quod.“

215 2159 482 2239 X'X⁷)18Matth.
511 2160 632 2202 XXII,
658 2159 818 2193 37-40,
853 2160 929 2191 coll.
955 2160 1055 2192 Dent.
1083 2161 1147 2199 VI,
1172 2161 1202 2194 5.
1236 2161 1338 2194 Levit.

306 2260 339 2303 ⁵)
364 2259 455 2292 Libri
482 2259 560 2291 editi
588 2261 633 2303 (v.
662 2275 686 2293 c.
716 2262 789 2293 cdd.
810 2261 873 2303 M.)
899 2263 1076 2294 mendose:
1102 2274 1223 2305 „quem
1248 2261 1338 2306 ajunt
