1404 2463
173 85 218 120 80
649 86 824 119 offici-:ms

173 176 300 207 dictum
327 183 392 208 ost:
419 174 510 215 „Nisi
529 176 558 220 Ι)
584 175 758 215 venissem,
783 184 814 207 et
841 174 973 206 locutus
997 173 1130 206 fuissem
1149 173 1198 213 iis,
1223 185 1300 218 pec-

173 246 284 269 catum
309 250 375 269 non
399 236 578 278 haberent3
612 250 700 269 nunc
735 246 846 269 autem
879 235 1127 268 excusationem
1151 247 1220 267 non
1245 234 1300 266 ha-

172 301 254 332 bent
277 300 385 344 pr02)
410 307 549 343 peccato
574 302 681 330 suo:“
709 298 814 341 his,³)
841 297 896 342 qui
915 297 1080 330 rationem
1097 305 1223 329 norunt
1245 309 1300 328 us-

172 374 238 406 que
262 362 302 394 ad
329 361 420 406 quod
446 369 579 403 tempus
603 369 776 403 peccatum
807 359 910 392 homo
936 372 1004 391 non
1029 360 1167 400 habeat,
1197 367 1231 390 et
1261 371 1300 390 ex

173 436 237 468 qua
261 432 366 455 aetate
392 421 555 454 obnoxius
579 430 719 465 peccato
744 421 804 460 sit,
829 420 1043 453 manifestum
1068 430 1117 454 est
1141 429 1174 453 et
1196 428 1301 465 patet,

172 485 347 529 quomodo
388 496 425 515 ex
466 482 722 528 participatione
755 481 849 514 verbi
883 483 936 515 vel
975 482 1114 515 rationis
1149 481 1302 514 homines

170 556 346 591 peccatum
376 545 497 577 habere
531 544 704 577 dicuntur:
743 543 902 577 videlicet
941 558 979 577 ex
1011 558 1079 590 quo
1111 543 1301 577 intellectus

172 617 270 652 atque
302 607 457 640 scientiae
491 619 626 650 capaces
639 607 671 651 ⁴)
705 605 837 646 effecti,
868 620 943 639 cum
974 607 1040 653 jam
1076 606 1116 639 iis
1141 605 1222 638 boni
1247 604 1299 637 vel

171 671 252 703 mali
276 668 511 702 discretionem
536 668 621 701 ratio
646 668 843 701 intrinsecus
876 668 998 701 inserta
1027 667 1244 711 suggesserit;
1268 676 1298 698 et

172 745 247 763 curn
271 731 355 764 scire
380 731 444 776 jam
472 730 702 776 coepe1·int‚⁵)
729 730 809 775 quid
843 730 886 763 sit
916 731 1061 770 malum,
1085 730 1113 763 si
1143 729 1220 775 (63)
1253 730 1301 762 sa-

171 793 261 825 ciunt
287 793 383 832 illud,
407 801 546 837 peccato
573 791 765 824 efficiuntur
780 792 927 825 obnoxii.
966 792 1010 825 Et
1034 792 1098 824 hoc
1123 801 1183 832 est,
1207 791 1300 836 quod

170 854 264 897 dicit,
297 855 374 899 quia
406 853 673 896 „excusationem
688 855 722 899 ⁶)
753 867 820 887 non
835 855 867 899 ⁷)
899 855 1022 886 habent
1053 853 1205 886 homines
1236 865 1300 897 pro

169 926 310 961 peccato
334 920 429 956 suo,“
461 929 498 948 ex
529 929 597 961 quo
628 915 668 948 iis
701 915 833 949 divinus
864 929 974 949 sermo
1001 916 1054 948 vel
1077 915 1164 948 ratio
1189 924 1300 947 osten-

170 980 249 1010 dere
274 978 425 1022 coeperit
452 977 485 1010 in
511 978 613 1011 eorde
638 977 876 1011 discretionem
901 978 982 1011 boni
1007 987 1040 1010 et
1063 977 1154 1018 mali,
1178 986 1216 1010 ut
1239 989 1301 1021 per

168 1041 251 1072 hanc
276 1040 419 1072 debeant
451 1040 604 1082 refugere
642 1049 674 1072 et
707 1053 823 1072 cavere
856 1041 949 1085 quod
973 1041 1098 1073 malurn
1125 1049 1191 1082 est3
1211 1037 1299 1084 „quia

169 1101 356 1145 „scienti⁹)
392 1102 537 1141 bonurn,
574 1111 606 1134 et
636 1114 704 1134 non
736 1101 890 1142 facienti,
931 1111 1108 1147 peccatum
1141 1110 1190 1134 est
1213 1100 1298 1133 illi.“

168 1164 255 1195 hem
283 1163 374 1208 quod
402 1176 518 1196 omnes
542 1163 694 1196 homines
717 1176 786 1196 non
811 1173 888 1196 sunt
913 1173 1001 1196 extra
1024 1161 1299 1196 communionem

166 1225 253 1264 Dei,
290 1224 354 1257 hoc
388 1225 493 1256 modo
531 1225 738 1267 evangelium
778 1226 895 1265 docet,
937 1226 1070 1258 dicente
1102 1225 1299 1259 salvatore:

171 1287 343 1328 „Regnum
357 1286 390 1329 ⁹)
415 1286 481 1319 Dei
507 1300 582 1319 cum
615 1286 849 1320 observatione
884 1300 952 1319 non
978 1287 1086 1320 venit:
1115 1281 1224 1332 nequ-ie
1249 1286 1299 1318 di-

169 1357 260 1380 cent:
285 1360 361 1379 ecce
387 1347 458 1388 hic,
490 1358 546 1380 aut
575 1347 640 1380 ibi:
670 1348 729 1380 sed
760 1361 898 1389 regnum
925 1349 991 1381 Dei
1022 1349 1107 1382 intra
1131 1362 1190 1381 vos
1215 1352 1295 1382 est.¹‘

168 1411 235 1442 Sed
263 1419 295 1441 et
318 1408 401 1441 illud
429 1409 611 1442 videndum
638 1418 695 1449 est,
720 1422 762 1441 ne
788 1410 876 1441 sorte
901 1409 990 1442 idem
1005 1410 1181 1452 significet,
1204 1411 1298 1455 quod

169 1472 201 1504 in
227 1471 348 1503 Genesi
373 1471 533 1515 scripturn
562 1479 621 1510 est,
646 1483 721 1502 cum
747 1470 811 1503 ait:
838 1471 971 1515 „Et¹⁰)
995 1471 1175 1504 insufflavit
1198 1472 1231 1504 in
1250 1473 1297 1504 sa-

168 1533 254 1565 ciem
279 1532 348 1579 ejus
372 1532 626 1577 inspirationem
643 1533 696 1575 ¹¹)
723 1531 828 1573 vitae,
861 1542 894 1565 et
924 1533 1030 1566 factus
1061 1542 1109 1566 est
1133 1533 1237 1565 homo
1261 1533 1296 1566 in

267 1685 298 1729 ¹)
322 1684 383 1718 Ev.
407 1685 528 1718 Joann.
554 1685 630 1725 XV,
654 1685 708 1720 22.

260 1742 295 1784 ²)
321 1741 368 1773 lta
382 1741 462 1775 Mss.
475 1741 567 1774 Alias
584 1742 631 1785 (v.
649 1755 676 1774 c.
692 1741 726 1774 in
740 1742 816 1774 edd.
833 1740 899 1784 M.)
919 1742 981 1782 „de
993 1745 1156 1786 peccato“
1177 1751 1241 1775 etc.
1256 1743 1295 1774 R.

259 1797 294 1837 ³)
320 1796 383 1832 Ed.
408 1797 454 1829 M.
480 1797 505 1829 I.
530 1810 725 1842 perperam:
753 1797 841 1840 „hi.“

262 1851 296 1895 ⁴)
321 1851 378 1885 Sic
403 1864 520 1885 omnes
544 1853 622 1886 Mss.
649 1854 739 1887 Alias
765 1854 963 1898 „capacibus
988 1855 1118 1887 effectis
1143 1853 1208 1899 jam
1232 1853 1292 1887 iis“

169 1906 232 1933 etc,
256 1897 298 1931 R.
323 1917 362 1922 —
388 1896 475 1929 Edd.
499 1898 546 1931 Μ,
573 1911 730 1943 „capaces
755 1899 879 1939 effecti,
903 1899 968 1945 jam
993 1899 1054 1933 iis“
1080 1908 1144 1932 etc.

261 1952 294 1995 5)
319 1952 381 1985 Ed.
407 1953 454 1986 M.
480 1953 504 1985 Ι.
529 1966 726 1998 perperam:
753 1955 956 2000 „coeperit.“

259 2008 294 2050 ⁶)
319 2008 380 2042 Ev.
403 2009 525 2043 Joann.
548 2010 622 2049 XV,
646 2010 701 2045 22.

260 2063 293 2108 7)
319 2064 375 2097 Sic
398 2065 477 2097 Mss.
506 2064 597 2098 Alias
622 2067 670 2110 (v.
697 2080 722 2099 c.
748 2067 781 2099 in
808 2068 883 2100 edd.
904 2066 968 2110 M.)
995 2080 1084 2109 „non
1107 2067 1229 2100 habent
1252 2067 1294 2099 de

166 2118 306 2153 peccato
332 2123 413 2148 suo,
445 2124 482 2142 ex
506 2123 573 2154 quo
598 2131 639 2137 -—
665 2112 779 2156 coepit
803 2112 835 2145 in
861 2113 963 2146 corde
987 2133 1029 2139 --
1053 2112 1151 2152 mali,
1176 2121 1209 2144 et
1233 2125 1294 2156 per

168 2157 272 2186 hanc“
303 2164 364 2187 ete.
391 2155 431 2187 R.
525 2158 559 2198 ⁵)
584 2157 702 2191 Jacob.
727 2157 786 2197 IV,
812 2158 863 2193 17.

261 2210 293 2254 9)
320 2210 388 2243 Cfr.
416 2211 494 2243 Luc.
520 2211 627 2251 XVII,
649 2212 704 2247 20.
729 2213 783 2249 21,
858 2214 912 2259 ¹⁰)
938 2214 1022 2247 Gen.
1048 2214 1092 2246 Π.
1117 2213 1148 2247 7.

238 2267 250 2292 ·¹
266 2268 294 2311 ¹)
319 2267 375 2300 Sic
400 2268 478 2301 Mss.
506 2267 594 2300 Alias
620 2269 665 2312 (v,
692 2282 718 2302 c.
744 2269 776 2302 iu
800 2271 876 2303 cdd.
901 2271 967 2315 Μ.)
996 2270 1218 2315 „spiraculum
1244 2268 1291 2302 vi-

1402 1788 1404 1794 .
1396 1752 1404 1770 m
1397 1661 1404 1724 ——212
1396 1604 1402 1631 ν»
1396 1571 1404 1588 --2
