1404 2463
189 98 255 133 263
665 100 840 133 Ossmssms

189 188 289 221 fnisse
316 188 535 224 Pharaonem.
588 190 854 234 Respondebunt
884 190 954 222 sine
987 189 1107 222 dubio:
1139 190 1316 222 Terre-nne.

189 251 226 284 Si
252 264 330 292 ergo
356 260 508 283 terrenae
532 261 668 284 naturae
695 262 780 291 erat,
815 253 950 285 credere
974 253 1069 291 Deo,
1101 252 1152 283 vel
1179 252 1317 284 obedire

189 312 236 352 ei,
267 312 439 344 resistente
471 323 606 354 natura,
639 315 776 347 omnino
809 328 876 347 non
902 314 1025 359 potnit.
1074 313 1177 357 Quod
1202 314 1228 346 si
1251 314 1317 345 hoc

189 375 220 408 ei
245 385 314 408 erat
337 388 399 419 per
423 384 586 414 naturam,
612 376 693 421 quid
711 378 739 420 ¹)
766 377 874 408 adhuc
900 390 984 421 opus
1011 386 1078 408 erat
1094 375 1240 407 indurari
1259 388 1318 407 cor

189 437 269 482 ejus,
295 447 328 469 et
352 438 415 469 hoc
442 450 510 469 non
537 437 650 475 semel,
682 439 739 471 sed
765 440 967 483 frequenter,
999 437 1060 470 nisi
1085 437 1175 481 quod
1200 435 1317 480 utiqqe

187 499 349 544 possibile
372 508 440 531 erat
467 512 541 531 eum
566 499 766 543 suaderi?²)
802 500 873 533 Nec
900 499 1046 532 indurari
1071 500 1111 531 ab
1137 498 1203 530 alio
1229 497 1318 530 dice-

186 571 280 594 retur
303 561 367 593 nisi
392 561 436 600 is,
463 561 564 605 qui-³)
590 575 606 593 a
631 575 664 594 se
690 576 757 595 non
785 572 853 595 erat
878 563 989 595 durus.
1039 560 1143 604 Quod
1169 559 1195 592 si
1221 572 1258 591 ex
1283 571 1317 591 se

185 637 253 655 non
280 632 348 655 erat
374 623 486 663 durus,
512 635 718 667 consequens
743 634 791 656 est
817 634 852 656 ut
877 638 938 656 nec
963 624 1062 656 fuerit
1086 632 1236 655 terrenae
1261 633 1318 653 na-

188 695 292 724 turae,
317 685 374 717 sed
401 684 486 723 talis,
511 685 564 729 qui
592 695 704 728 posset
733 687 983 730 obstupefactus
1007 685 1105 728 signis
1131 693 1163 716 et
1188 681 1318 715 virtuti-

187 749 247 780 bus
273 748 402 781 cedere.
449 746 707 790 Necessarius⁴)
734 748 858 779 etenim
891 757 960 780 erat
984 748 1080 786 Deo,
1118 755 1154 778 ut
1180 758 1244 790 pro
1269 757 1318 777 sa-

185 810 256 841 lute
288 808 472 840 multorum
504 808 537 840 in
570 809 642 852 ipso
676 810 867 841 ostenderet
899 809 1056 841 virtutem
1088 821 1200 846 suam,
1236 807 1315 838 dum

186 870 356 912 resistit-5)
381 869 536 914 plurimis
561 870 678 911 signis,
704 880 735 903 et
762 871 955 903 obluctatur
979 868 1146 902 voluntati
1170 867 1252 907 Dei,
1284 876 1317 899 et

185 945 247 977 per
284 931 347 963 hoc
385 944 444 963 cor
479 930 548 977 ejus
585 931 708 964 dicitur
743 932 901 965 indurari.
956 932 1047 964 Haec
1083 939 1193 962 autem
1230 928 1318 961 dicta

186 1003 261 1026 sunt
273 995 306 1037 6)
332 993 442 1038 primo
468 993 624 1025 adversus
650 993 744 1035 illos;
771 1007 832 1038 per
855 1008 939 1039 quae
963 994 1022 1026 illa
1045 1005 1162 1025 eorum
1179 993 1317 1024 subrua-

185 1066 241 1088 tur
266 1055 421 1094 assertio,
459 1068 521 1099 qua
548 1065 665 1099 putant
691 1056 886 1088 naturaliter
910 1055 1081 1100 perditum
1106 1053 1207 1086 fuisse
1233 1053 1317 1085 Pha-

185 1131 342 1150 raonem:
380 1117 437 1149 sed
473 1126 505 1148 et
539 1118 580 1149 de
611 1117 678 1157 his,
717 1131 800 1162 quae
833 1119 874 1150 ab
906 1117 1063 1162 apostolo
1089 1115 1195 1149 Paulo
1228 1115 1316 1147 dicta

186 1189 279 1219 sunt,
306 1178 461 1211 similiter
484 1179 639 1211 adversus
665 1193 722 1212 eos
748 1179 938 1224 agamus.⁷)
988 1178 1083 1222 Quos
1108 1177 1196 1210 enim
1220 1176 1317 1209 indu-

185 1251 236 1274 rat
258 1241 351 1273 Deus
377 1240 558 1273 secundum
586 1242 782 1285 opinionem
802 1242 966 1275 vestram?
989 1242 1119 1284 Nempe
1137 1252 1205 1279 eos,
1231 1251 1315 1283 quos

184 1312 321 1336 naturae
345 1302 498 1346 perditae
523 1302 643 1342 dicitis,
668 1304 747 1347 quid
773 1304 864 1336 aliud
891 1304 991 1335 credo
1018 1303 1177 1340 facturos,
1202 1300 1313 1332 sinon

184 1365 325 1397 fuissent
347 1363 505 1396 indurati.
554 1363 591 1396 Si
617 1377 695 1395 vero
722 1378 759 1396 ex
785 1365 995 1397 induratione
1021 1364 1062 1395 ad
1088 1361 1314 1407 perditionem

188 1427 334 1464 veniunt,
360 1425 424 1470 jam
448 1437 516 1457 non
542 1425 746 1464 naturaliter,
771 1427 827 1458 sed
855 1439 891 1458 ex
916 1425 1143 1458 accidentibus
1159 1433 1311 1468 pereunt.

186 1489 283 1521 Tunc
302 1487 421 1519 deinde
440 1486 540 1518 dicite
558 1487 664 1525 nobis,
691 1500 834 1531 quorum
851 1487 1028 1519 miseretur
1040 1485 1156 1519 Deus?
1180 1487 1310 1529 Nempe

186 1563 322 1588 eorum,
356 1548 412 1593 qui
436 1548 582 1580 salvandi
607 1558 691 1581 sunt.
741 1549 785 1581 Et
808 1547 841 1580 in
854 1548 887 1592 ⁸)
913 1561 979 1592 quo
1005 1547 1058 1580 isti
1082 1548 1227 1580 secunda
1251 1547 1312 1579 mi-

283 1724 314 1765 ¹)
341 1722 397 1755 Sic
423 1723 502 1755 RIss.
529 1722 621 1755 Libri
647 1721 729 1754 editi
756 1723 802 1765 (ν.
821 1735 847 1754 c.
867 1723 941 1754 edd.
959 1723 1025 1766 M.)
1053 1722 1154 1768 „quid
1180 1723 1221 1755 ad
1245 1722 1310 1755 boc

187 1781 271 1813 opus
296 1767 326 1799 ei
351 1777 420 1800 erat
444 1768 613 1800 indurari⁰⁴
640 1777 704 1801 etc.
732 1768 771 1800 R.

276 1825 310 1864 ²)
335 1823 396 1856 Ed.
423 1824 470 1857 M.
496 1825 538 1857 ll.
568 1823 813 1867 „persuaderi.“
841 1824 880 1856 R.

276 1881 309 1922 3)
336 1880 391 1913 Sic
416 1880 496 1912 Mss.
521 1879 612 1912 Libri
638 1879 719 1912 editi
744 1881 790 1923 (v.
809 1892 836 1913 c.
855 1880 928 1911 edd.
948 1880 1012 1923 Μ.)
1040 1879 1118 1924 „qui
1142 1889 1218 1911 ante
1242 1892 1309 1912 non

185 1934 253 1956 erat
278 1926 388 1957 durus.
395 1928 411 1944 “
440 1925 478 1957 R.

278 1980 386 2021 ⁴)1ta
412 1981 490 2012 Mss.
516 1980 607 2012 Libri
630 1980 711 2013 editi
738 1982 784 2026 (v.
810 1994 837 2013 c.
863 1981 940 2013 edd.
966 1981 1074 2025 M.„)
1079 1981 1308 2013 Necessarium

186 2034 253 2057 erat
277 2025 365 2064 Deo,
390 2030 446 2057 ut“
474 2035 535 2057 etc.
563 2027 604 2060 R.

277 2082 310 2123 ᾗ)
335 2081 391 2114 Sic
420 2082 497 2114 Mss.
524 2081 612 2113 libri
638 2082 719 2114 editi
745 2085 791 2126 (v.
818 2096 844 2116 c.
871 2083 945 2115 edd.
972 2082 1037 2126 Μ.)
1065 2081 1209 2124 „resistit
1232 2084 1308 2127 plu-

185 2125 317 2165 rimum,
342 2135 374 2157 et
399 2127 610 2159 obluctaturss‘
638 2137 701 2160 etc.
727 2129 768 2161 R.

277 2183 311 2227 ⁶)
335 2183 639 2223 Edd.M.„s1nt“
737 2183 770 2227 ⁷)
795 2183 881 2216 Edd.
906 2184 953 2217 M.
981 2187 1165 2225 „agemus.“

276 2240 310 2281 μ’)
335 2238 392 2272 Sic
418 2238 494 2270 libri
521 2239 601 2270 editi
628 2241 674 2282 (v.
703 2253 729 2271 c.
749 2240 824 2273 edd.
839 2240 904 2282 M.)
930 2240 1007 2272 Mss.
1034 2253 1133 2273 vero:
1159 2239 1212 2279 „in
1239 2252 1307 2283 quo

184 2284 235 2317 isti
260 2285 444 2316 secundum
472 2297 528 2316 vos
552 2283 802 2316 misericordia“
831 2294 892 2316 etc.
919 2285 956 2316 R.
