1404 2463
197 97 262 131 272
669 100 844 133 Offlssssms

196 196 334 228 fluctus,
357 189 466 233 spinas
491 202 527 222 ac
553 190 695 223 tribulos
719 199 863 222 metent:
888 189 930 221 ita
947 190 977 233 Ι)
1002 189 1050 229 fn,
1073 199 1110 222 ut
1134 191 1265 224 bonitas
1291 201 1323 224 et

197 250 343 294 aequitas
372 250 533 283 imbrium
565 265 665 296 super
689 264 823 284 omnem
849 260 972 283 terram
997 251 1180 295 aequaliter
1202 252 1322 291 veniat,

195 313 253 344 sed
278 325 345 344 uno
372 314 560 357 eodemque
587 327 688 359 opere
712 313 847 358 pluviae
872 325 908 344 ea
934 312 1072 356 quidem
1097 323 1201 354 terra,
1239 327 1322 358 quae

199 374 286 406 culta
312 385 371 414 est,
396 375 656 418 diligentibus²)
681 376 885 419 utilibusque
899 375 932 417 3)
959 374 1142 407 cultoribus
1167 389 1242 407 cum
1265 377 1323 408 be-

196 436 389 469 nedictione
414 437 513 470 utiles
545 438 671 470 fructus
703 439 871 482 proserat3
914 449 951 468 ea
976 449 1074 477 vero,
1107 450 1189 480 quae
1215 438 1324 470 culto—

196 510 268 529 rum
303 498 428 531 desidia
461 499 639 538 obduruit,
670 499 780 543 spinas
817 498 1022 530 ac1ribulos
1046 499 1219 540 germinet.
1266 499 1323 532 Si'c

197 572 275 601 ergo
300 560 520 605 accipiamus,
554 561 643 605 quod
668 574 703 592 ea
728 560 818 602 signa
843 569 875 592 et
901 560 1056 599 virtutes,
1093 573 1177 604 quae
1201 574 1218 593 a
1244 562 1321 593 Deo

197 621 331 663 fiebant,
357 622 480 655 imbres
505 622 602 667 (118)
628 623 762 667 quidem
789 623 925 664 erant⁴)
950 634 966 653 a
992 621 1066 653 Deo
1093 622 1238 666 desuper
1261 622 1324 655 rui-

197 683 343 716 nistrati:
377 684 591 729 propositum
628 696 706 716 vero
731 683 922 722 hominum,
949 692 981 714 et
1006 683 1212 723 voluntates,
1235 693 1324 716 terra

196 746 390 790 accipienda
424 756 472 778 est
505 746 592 778 culta
624 744 678 778 vel
710 745 854 784 inculta,
894 744 991 776 unius
1021 744 1157 789 quidem
1188 755 1323 778 naturae

198 817 318 851 utpote
344 807 452 839 omnis
476 817 562 840 terra
588 820 664 840 cum
688 816 785 847 terra,
809 819 878 838 non
903 815 1012 838 tamen
1036 806 1132 839 unius
1157 806 1324 853 ejusdem-

199 882 263 913 que
297 870 458 901 culturae.
506 868 554 901 Ex
588 881 654 915 quo
680 868 734 907 fit,
770 877 807 899 ut
829 867 1085 912 uniuscujusque
1109 869 1323 912 propositum

197 931 251 963 vel
283 931 458 963 induretur
491 929 670 962 virtutibus
696 939 728 961 et
751 929 957 961 mirabilibus
979 929 1068 968 Dei,
1105 929 1134 961 si
1158 929 1322 962 incultum

198 1001 230 1024 et
260 993 372 1025 ferum
407 1001 455 1024 est
488 1001 520 1024 et
549 993 745 1030 barbarum,
781 1000 819 1030 et,
837 1000 943 1022 semet
966 991 1041 1035 ipso
1067 990 1260 1035 asperius⁵)
1284 1005 1322 1024 ae

195 1055 364 1100 spinosius
388 1055 461 1086 fiat:
498 1063 554 1086 aut
565 1055 598 1098 ⁶)
623 1054 773 1085 mitescat
805 1052 966 1096 amplius,
995 1065 1033 1084 ac
1057 1060 1128 1084 tota
1151 1062 1263 1085 mente
1287 1067 1321 1085 se

197 1117 231 1148 in
258 1116 485 1149 obedientiam
519 1116 642 1154 tradat,
673 1115 699 1147 si
731 1124 907 1159 purgatum
933 1127 949 1146 a
976 1113 1065 1147 vitiis
1086 1114 1187 1146 suerit
1211 1124 1245 1147 et
1268 1128 1322 1147 ex-

196 1179 336 1212 cultum.

285 1241 339 1275 11,
386 1241 557 1283 Verum7)
588 1240 629 1271 ad
663 1238 904 1270 evidentiorem
935 1237 983 1269 rei
1007 1237 1243 1281 probationem
1267 1252 1321 1271 su-

195 1302 361 1346 perfluum
394 1314 464 1334 non
489 1301 551 1333 erit
574 1301 621 1333 uti
646 1300 746 1333 etiam
770 1300 832 1332 alia
856 1299 1097 1332 similitudine:
1129 1300 1223 1332 verbi
1247 1314 1319 1343 gra-

196 1363 260 1403 tia,
293 1363 320 1396 si
348 1364 420 1408 quis
446 1363 589 1402 diceret,
621 1362 696 1406 quia
711 1362 744 1406 ⁸)
769 1362 821 1394 sol
847 1371 895 1394 est
919 1361 976 1406 qui
1002 1362 1186 1403 restringit,
1209 1372 1242 1395 et
1265 1363 1322 1407 qui

196 1425 353 1465 resolvit,
393 1438 468 1457 cum
501 1424 704 1456 contrarium
735 1423 776 1455 sit
809 1432 840 1455 et
871 1424 1032 1455 resolutio
1059 1433 1090 1455 et
1114 1424 1320 1457 constrictio.

196 1488 265 1521 Sed
294 1500 363 1519 non
396 1487 458 1518 erit
491 1486 610 1518 falsum
643 1485 735 1530 quod
767 1484 905 1523 dicitur,
942 1485 1020 1516 dum
1045 1498 1110 1517 una
1136 1486 1319 1530 eademque

196 1549 316 1583 caloris
339 1548 434 1592 sui9)
460 1547 579 1580 virtute
604 1547 655 1580 sol
681 1546 815 1591 quidem
841 1559 949 1578 ceram
967 1546 1079 1585 solvit,
1104 1547 1220 1578 limum
1238 1559 1318 1579 vero

196 1611 332 1644 arefacit
347 1611 398 1654 ¹⁰)
417 1619 449 1642 et
465 1609 612 1651 stringit:
636 1621 704 1641 non
728 1609 819 1653 quod
846 1608 947 1640 virtus
973 1607 1041 1653 ejus
1059 1607 1156 1641 aliter
1172 1609 1205 1640 in
1223 1608 1318 1649 limo,

293 1724 324 1766 ¹)
350 1722 405 1756 Sic
429 1723 509 1755 Mss.
541 1721 672 1764 (itemq.
699 1721 750 1753 ed.
773 1720 822 1753 Μ.
848 1721 891 1764 Ι.)
917 1719 1009 1752 Libri
1034 1719 1114 1753 editi
1138 1721 1184 1765 (V.
1211 1733 1238 1754 c.
1264 1721 1317 1753 ed.

198 1770 247 1803 Μ.
271 1769 330 1812 II.)
358 1768 422 1809 „ita
447 1777 482 1799 ut
506 1766 671 1799 bonitas.“
697 1767 736 1798 R.

291 1826 324 1868 ²)
349 1824 411 1856 Ed.
437 1823 485 1856 M.
512 1823 538 1856 Ι.
565 1822 897 1867 ‚‚diligentibusque.“

289 1881 323 1925 ³)
349 1880 405 1914 Sic
431 1869 508 1911 ΜΞ..
542 1879 580 1911 In
612 1879 706 1911 editis
739 1878 785 1922 (v.
811 1891 837 1911 c.
869 1879 943 1910 edd.
968 1877 1032 1919 M.)
1058 1878 1168 1910 deest:
1205 1878 1317 1920 „utili-

197 1927 357 1970 busque.“
383 1926 424 1957 R.
519 1924 550 1968 ⁴)
575 1924 662 1958 Edd.
688 1924 734 1956 M.
761 1932 884 1964 „erant,
910 1933 942 1955 et
965 1936 981 1955 a
1007 1923 1104 1955 Deo“
1132 1931 1192 1956 etc.

290 1982 322 2025 ⁵)
349 1982 396 2013 Ita
421 1980 501 2013 Mss.
531 1978 624 2012 Libri
655 1989 766 2011 autem
797 1978 878 2012 editi
911 1980 957 2024 (v.
989 1992 1015 2012 c.
1042 1979 1117 2012 edd.
1142 1979 1208 2023 M.)
1241 1992 1316 2020 „su-

195 2026 363 2071 perbius.“
388 2026 429 2058 R.

289 2081 322 2124 6)
347 2081 395 2113 lta
420 2081 497 2113 Mss.
524 2081 654 2125 (itemq.
680 2081 730 2113 ed.
757 2081 805 2114 M.
830 2081 891 2122 Il.)
914 2080 1006 2113 Libri
1032 2079 1129 2112 editi:
1163 2082 1250 2121 „et.“
1275 2079 1314 2111 R.

197 2149 239 2154 —
263 2126 326 2160 Ed.
351 2127 399 2158 M.
424 2126 448 2157 l.
475 2130 559 2167 ‚,at.“

289 2182 321 2225 7)
346 2181 401 2215 Sic
419 2181 498 2215 Mss.
511 2182 602 2214 Libri
618 2182 698 2214 editi
711 2182 757 2226 (v,
774 2195 799 2214 c.
817 2182 891 2215 edd.
906 2182 972 2226 M.)
991 2181 1108 2223 „Unde
1121 2181 1182 2212 ad“
1199 2188 1262 2212 etc.
1274 2180 1312 2212 R.

288 2240 322 2281 8)
347 2238 407 2270 Ed.
434 2238 482 2270 M.
508 2239 548 2272 ΙΙ.
574 2239 716 2282 »quod.“
802 2238 834 2282 9)
859 2238 964 2270 Deest
990 2237 1080 2278 „sui“
1106 2236 1140 2268 in
1164 2235 1240 2268 edd.
1263 2235 1312 2269 Μ.

271 2295 322 2337 ¹⁰)
346 2294 407 2326 Ed.
435 2293 480 2325 M.
508 2294 531 2326 l.
559 2293 727 2333 „arescit.“
