1404 2463
177 105 243 140 366
663 103 841 137 Omoemus

270 193 300 227 6.
350 194 387 225 In
419 192 507 226 hunc
539 205 617 235 ergo
649 201 773 226 statum
800 205 937 224 omnem
964 192 1047 224 hanc
1073 201 1221 224 nostram
1245 193 1324 224 sub-

180 254 337 287 stantiam
364 253 582 298 corporalem
606 255 794 299 putandum
821 263 869 286 est
893 253 1165 298 perducendam,
1181 254 1212 297 ¹)
1245 262 1325 286 tunc

181 328 257 347 cum
292 315 406 348 omnia
430 316 649 348 restituentur
672 324 710 347 ut
734 328 836 348 unum
863 314 948 356 siut,
971 324 1005 347 et
1029 327 1106 346 cum
1132 314 1227 346 Deus
1251 315 1324 346 sue-

179 377 224 409 rit
262 377 377 409 omnia
414 376 447 409 in
485 375 652 409 omnibus.
703 376 807 420 Quod
849 385 962 408 tamen
1002 388 1072 408 non
1105 376 1145 408 ad
1178 375 1325 408 subitum

181 437 272 477 fieri,
297 438 354 470 sed
378 437 543 482 paulatim
570 446 602 470 et
629 451 690 482 per
714 447 826 482 partes
851 437 1110 479 intelligendum
1137 438 1248 480 est,²)
1273 436 1326 468 in-

181 498 285 531 finitis
310 508 345 531 et
368 498 539 531 immensis
565 499 755 532 labentibus
779 499 934 541 saeculis,
959 512 1035 531 curn
1059 497 1182 530 sensim
1210 506 1243 529 et
1266 498 1328 542 per

181 560 331 602 singulos
357 559 548 602 emendatio
575 560 676 593 suerit
703 570 735 592 et
760 558 927 591 correctio
953 568 1143 602 prosecuta,
1168 570 1328 606 praecur-

181 622 332 654 rentibus
363 621 454 660 aliis,
493 629 526 653 et
558 620 723 653 velociori
757 633 856 652 cursu
881 621 922 652 ad
946 633 1077 653 summa
1101 619 1328 659 tendentibus,

181 682 254 715 aliis
279 696 358 715 vero
384 682 541 726 proximo
567 682 751 726 quoque3)
777 681 889 726 spatio
915 681 1179 726 insequentibus,
1209 680 1328 721 tum‘)

182 743 306 776 deinde
340 743 414 776 aliis
450 743 550 783 longe
582 742 767 787 posterius:
802 752 835 775 et
865 743 913 775 sic
938 756 1000 787 per
1023 743 1151 775 multos
1176 750 1210 774 et
1232 741 1330 774 innu-

181 817 294 837 meros
319 804 455 836 ordines
480 804 747 848 proficientium,
774 805 857 847 ac⁵)
882 805 959 836 Deo
984 817 1019 836 se
1046 817 1084 836 ex
1110 803 1255 835 inimicis
1279 815 1330 834 re-

183 865 457 904 conciliantium,
491 865 691 909 pervenitur
720 878 827 909 usque
841 866 875 908 ⁶)
901 866 943 897 ad
969 864 1191 897 novissimum
1214 863 1328 896 inimi-

182 940 272 966 cum,
296 926 353 970 qui
379 926 505 958 dicitur
528 939 631 968 mors,
656 936 693 958 ut
719 926 820 958 etiam
846 926 918 970 ipse
943 927 1145 965 destruatur,
1175 938 1217 957 ne
1241 926 1330 957 ultra

182 987 225 1020 sit
249 987 416 1019 inimicus.
465 988 551 1020 Cum
585 1000 664 1029 ergo
691 987 866 1020 restitutae
892 987 1018 1019 suerint
1043 999 1160 1019 omnes
1184 985 1331 1019 rationa-

182 1048 269 1081 biles
300 1048 431 1082 animae
465 1048 499 1080 in
530 1047 770 1093 hujuscemodi
800 1058 944 1088 statum,
983 1058 1064 1080 tune
1089 1057 1205 1080 natura
1231 1047 1329 1079 etiam

184 1110 282 1154 hujus
313 1109 469 1154 corporis
500 1108 656 1153 nosti-1⁷)
689 1109 722 1142 in
747 1110 982 1154 spiritualisss)
1010 1109 1165 1153 corporis
1189 1109 1331 1150 gloriam

185 1171 405 1215 perducetur.
453 1170 550 1203 Sicut
574 1170 663 1202 enirn
690 1171 732 1203 de
759 1171 1016 1204 rationabilibus
1040 1169 1214 1212 naun-13⁹)
1240 1170 1333 1201 vide-

185 1244 279 1273 mus,
309 1243 379 1263 non
404 1230 484 1264 alias
509 1244 598 1272 esse,
635 1244 719 1276 quae
745 1245 808 1276 pro
834 1231 981 1276 peccatis
1006 1231 1040 1264 in
1065 1229 1262 1272 indignitate
1286 1231 1334 1263 vi·

186 1292 314 1332 xer-int,
339 1301 372 1324 et
396 1291 494 1331 alias,
527 1305 612 1336 quae
637 1306 701 1337 pro
727 1293 855 1325 meritis
879 1293 921 1325 ad
946 1292 1193 1325 beatitudinem
1216 1291 1336 1325 invita-

186 1362 239 1385 tae
271 1352 355 1392 sint,
386 1354 444 1385 sed
477 1353 532 1385 has
559 1355 713 1393 easdem,
749 1367 835 1398 quae
860 1363 936 1386 ante
962 1355 1095 1386 fuerant
1119 1353 1335 1398 peccatrices,

187 1426 365 1446 conversas
397 1415 621 1457 postmodum
661 1424 694 1447 et
725 1415 803 1446 Deo
841 1415 1077 1448 reconciliatas
1109 1415 1262 1447 videmus
1292 1415 1334 1446 ad

186 1475 433 1508 beatitudinem
466 1475 637 1508 revocari:
677 1474 793 1519 itam)
826 1475 927 1507 etiam
959 1476 1001 1507 de
1031 1485 1149 1508 natura
1180 1474 1335 1519 corporis

187 1537 401 1570 sentiendum
429 1546 495 1576 cst,
520 1537 614 1580 quod
637 1549 706 1568 non
732 1536 823 1568 aliud
850 1549 973 1581 corpus
999 1545 1068 1579 est,
1092 1549 1160 1581 quo
1186 1549 1274 1568 nunc
1300 1536 1334 1568 in

189 1597 422 1639 ignobilitate,
453 1606 486 1629 et
510 1597 543 1629 in
561 1599 566 1616 ¹
582 1597 613 1640 ¹)
640 1597 878 1641 corruptione,
917 1606 949 1628 et
980 1596 1174 1630 infirmitate
1197 1597 1335 1636 utimur,

290 1769 323 1812 ¹)
347 1769 435 1801 Edd.
462 1769 511 1801 M.
539 1769 851 1813 „p1·0ducendam.“
871 1789 912 1794 —-
940 1769 1008 1802 Cfr.
1036 1771 1050 1802 l
1077 1768 1158 1802 Cor.
1182 1768 1260 1808 XV,
1283 1767 1338 1802 28.

286 1825 322 1869 ²)
349 1824 436 1856 Vide
463 1824 521 1856 lib.
551 1826 589 1856 tl.
617 1824 854 1866 Origenianor.
880 1833 1006 1869 quaest.
1031 1824 1092 1856 Xl.
1117 1837 1212 1857 num.
1239 1823 1291 1857 10.

286 1881 319 1923 ³)
346 1880 452 1912 Deest
478 1884 658 1924 „quoque“
685 1880 718 1912 in
745 1881 822 1913 edd.
840 1881 888 1913 M.
941 1881 974 1924 ⁴)
994 1880 1057 1913 Ed.
1085 1881 1132 1913 M.
1152 1880 1177 1912 l.
1205 1883 1335 1921 „cum.“

287 1936 320 1980 ⁵)
345 1936 409 1969 Ed.
436 1936 483 1969 Μ.
509 1937 535 1969 l.
561 1948 759 1980 perperam:
787 1949 825 1977 „a
849 1936 961 1968 Deo.“

285 1993 320 2036 6)
347 1992 453 2024 Deest
479 1995 628 2035 „usque“
654 1991 688 2023 in
715 1992 790 2024 edd.
815 1991 866 2024 M.

288 2048 321 2090 ⁷)
347 2047 404 2080 Sic
429 2047 510 2080 Mss.
537 2049 574 2080 ln
601 2047 699 2079 editis
717 2048 764 2093 (v.
784 2060 810 2081 c
830 2047 906 2079 edd.
922 2046 987 2089 Μ.)
1006 2047 1099 2079 deest
1125 2045 1336 2088 „nostri.“R.

287 2101 322 2145 8)
346 2101 403 2134 Sic
430 2102 511 2135 Mss.
538 2103 575 2135 ln
608 2102 707 2135 editis
741 2103 787 2147 (v.
814 2116 841 2136 c.
867 2103 944 2134 edd.
970 2102 1038 2145 M.)
1074 2103 1194 2134 desunt
1218 2101 1337 2134 verba.

197 2146 401 2190 „spiritualis
431 2148 617 2191 corporis.«
646 2148 685 2180 R.
737 2148 771 2192 ⁹)
788 2148 876 2180 Edd.
902 2147 950 2180 Μ.
977 2147 1153 2189 „videmus
1178 2155 1313 2179 naturis
1320 2151 1336 2166 ‘⁶

269 2203 323 2244 ¹⁰)
348 2201 434 2232 Vide
460 2202 516 2234 lib.
545 2204 586 2235 ΙΙ.
616 2203 852 2245 Origenianor.
877 2212 1004 2248 quaest.
1033 2203 1088 2237 ΙΧ.
1114 2215 1205 2234 num.
1231 2201 1261 2234 7.

269 2257 325 2300 ¹¹)
351 2257 454 2289 Deest
480 2257 512 2290 iu
539 2259 594 2293 ed.
623 2259 670 2291 Μ.
698 2260 739 2291 H.
769 2259 857 2300 „in.“
