1404 2463
436 132 483 156 nn
507 123 703 157 ancn’ns
727 123 839 156 mez
865 123 888 155 Ι.
1183 118 1225 152 47

98 212 255 253 rioribus,
280 212 333 245 vel
357 213 578 258 temporibus,
604 213 656 244 vel
681 212 832 252 saeculis,
860 211 959 255 vel')
984 210 1009 242 si
1035 210 1117 254 quid
1140 208 1226 241 illud

97 285 148 308 est
172 275 263 320 quod
287 274 454 307 nominari
480 283 602 319 potest.

187 337 218 371 4.
268 336 332 369 Hic
357 349 434 378 ergo
460 336 569 369 Filius
596 335 696 369 etiam
722 335 890 374 omnium,
915 346 1000 379 quae
1025 342 1118 372 sunt,
1143 331 1230 364 veri-

99 407 148 431 tas
172 407 222 432 est
246 407 280 430 et
305 397 387 439 vita3
413 407 445 430 et
468 407 569 432 recte.
610 400 697 431 Nam
721 398 896 443 quomodo
922 396 1073 428 viverent
1085 394 1119 438 ²)
1145 406 1228 438 quae

99 461 188 492 sacta
212 468 306 499 sunt,
328 458 391 491 nisi
415 471 453 491 ex
477 459 568 493 vita?
600 460 652 491 vel
679 459 853 504 quomodo
878 458 1016 490 veritate
1042 463 1232 488 constarent

100 535 154 562 ea,
188 533 272 566 quae
302 529 394 560 sunt,
431 521 495 554 nisi
521 535 558 554 ex
590 522 728 555 veritate
762 519 1030 554 descenderent?
1062 518 1115 550 vel
1146 530 1232 561 quo-

98 583 203 616 modo
229 581 444 616 rationabiles
455 583 488 628 ³)
512 594 652 628 possent
677 597 746 618 esse
770 582 982 621 substantiae,
1006 580 1068 613 nisi
1092 580 1231 611 verbum

100 644 154 677 vel
177 643 262 676 ratio
287 645 528 687 praecederet?
562 646 614 678 vel
649 646 825 691 quomodo
849 643 1066 690 saperent,⁴¹)
1092 640 1154 674 nisi
1181 653 1232 672 es-

100 715 150 739 set
171 704 358 750 sapientia?
390 706 516 739 Verum
548 707 707 752 quoniam
723 709 756 752 ⁵)
781 709 932 740 futurum
958 714 1046 744 erat,
1070 713 1107 736 ut
1131 702 1232 735 etiam

101 766 298 800 deciderent
321 766 426 812 aliqui
450 781 468 801 a
493 768 571 808 vita,
596 778 629 801 et
652 769 844 813 mortemfi)
869 767 933 800 sibi
959 766 1024 811 ipsi
1050 764 1234 798 conscisce-

99 837 174 861 rent
198 841 236 860 ex
261 840 302 860 eo
327 827 414 872 ipw,
441 831 534 874 quod
559 843 578 863 a
603 830 667 863 vita
692 830 906 871 deciderent3
934 842 1002 862 non
1028 827 1116 860 enim
1142 826 1236 859 aliud

102 900 152 924 est
174 903 267 923 mors
292 903 391 935 quam
416 904 434 924 a
459 891 525 926 vita
550 892 738 926 discedere:
765 902 798 925 et
812 893 928 938 utique
953 904 1021 924 non
1047 898 1132 922 esset
1156 901 1236 920 con-

102 965 257 997 sequens,
282 961 320 984 ut
344 964 393 992 ea,
418 966 502 998 quae
527 956 632 987 semel
649 956 691 987 ad
710 955 890 987 vivendum
910 955 1042 986 fuerant
1059 960 1235 996 procreata

103 1027 120 1046 a
145 1014 236 1052 Deo,
259 1013 396 1058 penitus
420 1015 678 1061 deperirent,⁷)
714 1015 870 1061 oportuit
893 1024 970 1048 ante
994 1022 1140 1045 mortem
1166 1024 1236 1045 esse

104 1076 206 1109 talem
239 1075 414 1116 virtutem,
451 1090 535 1122 quae
566 1079 712 1110 futuram
737 1076 938 1109 dissolveret
961 1085 1117 1114 mortem,
1157 1074 1235 1118 εἴθ)

105 1146 191 1170 esset
221 1138 442 1178 resurrectio,
480 1152 567 1184 quae
599 1139 633 1172 in
663 1139 814 1172 Domino
847 1147 882 1170 et
912 1138 1087 1172 salvatore
1120 1145 1237 1168 nostro

104 1200 250 1232 formata
282 1208 349 1240 est,
388 1213 472 1245 quae
508 1201 708 1234 resurrectio
743 1201 777 1233 in
808 1201 879 1245 ipsa
908 1199 975 1232 Dei
1006 1198 1180 1244 sapientia,
1205 1205 1239 1229 et

105 1261 222 1301 verbo,
247 1273 286 1292 ac
311 1260 378 1293 vita
402 1261 610 1295 consisteret.
650 1262 739 1295 Tum
760 1261 883 1294 deinde
903 1260 1061 1306 quoniam
1086 1260 1239 1292 futurum

109 1332 190 1363 erat,
214 1331 252 1355 ut
275 1321 379 1367 aliqui
405 1337 443 1356 ex
467 1323 536 1365 his,
561 1323 618 1368 qui
643 1323 746 1357 creati
770 1333 863 1363 sunt,
894 1336 957 1368 pro
985 1335 1026 1355 eo
1050 1321 1144 1367 quod
1168 1333 1239 1354 non

106 1383 323 1424 naturaliter,
356 1384 390 1416 id
421 1394 469 1417 est
501 1385 767 1418 substantialiter
795 1387 918 1419 inesset
940 1384 980 1418 iis
1004 1385 1150 1423 bonum,
1182 1382 1242 1415 sed

107 1445 281 1485 accidens,
315 1458 385 1478 non
416 1447 569 1480 volentes
592 1447 867 1480 inconvertibiles
892 1456 926 1479 et
948 1444 1241 1479 incommutabiles

107 1521 242 1552 semper
264 1520 478 1552 permanere,
512 1522 550 1542 ac
580 1522 714 1554 semper
745 1509 779 1541 in
809 1508 928 1541 iisdem
953 1507 1051 1540 bonis
1075 1519 1180 1552 aequa
1204 1519 1242 1538 ac

109 1570 282 1602 moderata
307 1569 487 1605 libratione
498 1571 532 1616 ⁹)
558 1571 697 1611 durare,
733 1571 792 1603 sed
823 1569 976 1603 conversi
999 1579 1099 1615 atque
1122 1568 1243 1601 mutati

205 1692 236 1736 ¹)
261 1692 325 1726 Ed.
350 1695 398 1728 M.
426 1695 448 1729 Ι.
476 1695 552 1737 „vel
575 1695 662 1729 sicut
686 1694 791 1728 illud⁶⁶
818 1703 884 1729 etc.

204 1749 238 1793 ²)
263 1749 320 1782 Sic
343 1751 424 1785 Mss.
451 1751 540 1784 Alias
566 1753 614 1796 (v.
641 1765 667 1784 c.
691 1751 725 1784 in
751 1751 827 1784 edd.
853 1751 918 1795 M.)
945 1749 1111 1791 „vivent.“
1137 1750 1180 1784 R.

203 1804 238 1848 ³)
259 1805 393 1841 Januar.
418 1807 650 1849 „rationales.“

205 1861 240 1904 ⁴)
266 1861 317 1894 lta
347 1863 431 1897 Cod.
465 1863 692 1898 colbertinus.
731 1862 800 1897 Alii
837 1876 913 1895 cum
949 1871 1045 1895 antea
1069 1860 1170 1893 editis
1196 1860 1243 1905 (v.

115 1918 144 1939 c.
169 1905 243 1938 cdd.
268 1907 336 1950 M.)
361 1908 544 1954 „sapiens.“
569 1911 609 1943 R.

209 1962 241 2006 ⁵)
264 1961 321 1996 Sic
345 1964 424 1997 Mss.
465 1965 554 1999 Alias
580 1968 625 2011 (v.
650 1979 677 1999 c.
703 1964 737 1997 in
762 1964 836 1997 edd.
861 1964 928 2009 M.)
954 1961 1183 2008 „quomodo.“
1205 1961 1246 1994 R.

209 2019 243 2064 ⁶)
267 2019 324 2052 Sic
356 2029 446 2052 recte
478 2034 594 2054 omnes
624 2023 705 2055 Mss.
747 2021 836 2054 Alias
868 2020 916 2064 (v.
951 2032 977 2051 c.
1010 2018 1045 2050 in
1078 2018 1155 2052 edd.
1180 2017 1246 2061 M.)

118 2074 285 2107 „mortem
311 2064 435 2098 Christi
459 2067 732 2100 consciscerent.“
758 2067 799 2100 R.

211 2119 245 2165 7)
269 2121 356 2154 Edd
374 2121 421 2154 Μ.
441 2122 664 2166 „deperit-ent.
692 2122 857 2168 Oportuit
869 2130 980 2154 autem
996 2122 1163 2152 mortem“
1182 2128 1246 2152 etc.

211 2178 260 2229 ⁶)
265 2176 358 2209 Libri
382 2187 478 2210 antea
503 2178 584 2211 editi
614 2180 663 2223 (v.
691 2192 717 2211 c.
744 2179 818 2211 edd.
844 2178 910 2222 M.)
943 2185 998 2218 „et
1029 2184 1116 2209 esset
1137 2187 1247 2207 resur-

119 2221 225 2254 rectio
250 2222 283 2255 in
310 2222 449 2255 domino
475 2233 507 2256 et
530 2223 694 2256 salvatore
719 2233 847 2262 nostro,
872 2235 955 2268 quae
974 2242 1015 2247 —
1041 2220 1247 2253 consisteret.

121 2267 211 2300 Tum
243 2267 364 2300 deinde
404 2270 579 2313 quomodo
617 2270 787 2301 sutmum“
824 2278 886 2301 etc.
944 2267 1013 2300 Sed
1046 2267 1127 2299 Mss.
1151 2264 1246 2297 utin

119 2322 236 2346 nostro
261 2323 364 2348 textu.
389 2314 428 2347 R.
524 2314 558 2359 ⁹)
582 2314 646 2348 Ed.
671 2315 718 2347 Μ.
746 2316 769 2347 l.
795 2314 898 2346 male:
926 2311 1156 2353 „liberatione
1161 2314 1179 2331 “
