1404 2463
399 136 444 158 DE
469 125 667 159 anmrns
692 126 806 159 LmER
834 126 890 161 lv.
1158 125 1225 161 437

89 226 188 258 posse
225 213 420 257 veri-tatem,
457 215 627 247 interdum
664 216 779 249 multis
811 215 943 249 insertis
975 216 1041 248 hoc
1073 215 1224 260 facit:¹)

87 276 182 319 quod
212 275 395 319 praecipue
419 275 453 308 in
479 276 689 318 legislatione
714 277 921 322 frequentari
944 277 1130 316 invenitur,
1163 277 1223 310 ubi

86 337 195 369 multa
221 336 360 381 quidem
384 345 473 378 sunt,
497 349 582 381 quae
606 337 641 369 in
667 337 749 381 ipsis
771 337 1008 382 corporalibus
1032 337 1221 383 praeceptis

85 397 184 429 utilia
208 409 278 429 esse
303 397 518 430 manifestum
544 407 611 439 est,
641 399 810 443 aliquanta
834 408 947 432 tamen
971 408 1064 439 sunt,
1089 398 1122 431 in
1149 399 1223 443 qui-

87 458 149 490 bus
183 458 277 490 nulla
311 471 450 502 prorsus
485 459 572 492 ratio
607 459 764 492 utilitatis
807 459 1012 493 ostenditur:
1053 460 1222 493 interdum

88 531 168 551 vero
195 528 228 551 et
258 518 483 563 impossibilia
508 520 743 555 decernuntur.
792 521 890 564 Quae
917 521 1047 561 omnia,
1077 531 1116 554 ut
1139 521 1225 554 dixi-

87 593 180 622 mus,
214 579 344 613 ideirco
370 581 565 624 procuravit
587 581 734 625 Spiritus
757 592 908 622 sanctus,
939 592 978 615 ut
1001 595 1040 614 ex
1064 582 1115 615 his
1141 583 1224 615 dum

87 654 142 681 ea,
177 654 262 685 quae
290 642 321 674 in
354 642 463 686 prima
494 643 606 675 fronte
628 652 725 683 sunt,
757 655 834 675 vera
860 643 914 675 vel
938 643 1034 676 utilia
1059 656 1130 675 esse
1153 655 1223 675 non

87 711 248 747 possunt,
287 703 330 734 ad
368 702 623 747 inquisitionem
655 704 802 737 veritatis
833 704 979 748 altius²)
1010 704 1224 748 repetitae³)

86 776 305 803 revocemur,
329 772 362 796 et
388 764 526 806 dignum
551 765 627 798 Deo
651 778 786 798 sensum
810 765 846 799 in
869 765 1070 811 Scripturis,
1100 778 1181 809 quas
1204 778 1222 796 a

87 824 164 856 Deo
188 823 365 869 inspiratas
391 825 572 865 credimus,
594 826 840 870 perquiramus.

179 886 232 920 16.
278 887 357 919 Non
388 887 500 919 solum
535 896 647 919 autem
680 887 722 920 de
752 887 822 928 his,
857 900 944 932 quae
967 900 1073 932 usque
1097 888 1140 919 ad
1164 887 1222 919 ad-

87 956 225 978 ventum
251 946 376 979 Christi
400 947 572 992 scriptam
598 958 685 988 sunt,
709 949 791 981 haec
814 949 961 993 Spiritus
984 958 1116 981 sanctus
1139 961 1222 993 pro-

88 1007 233 1047 curavit,
266 1009 324 1040 sed
349 1018 471 1053 utpote
495 1022 580 1043 unus
604 1019 704 1054 atque
727 1010 819 1043 idem
843 1009 1007 1054 Spiritus,
1032 1019 1066 1042 et
1088 1010 1130 1042 ab
1152 1022 1222 1041 uno

88 1070 165 1102 Deo
197 1070 405 1113 procedens,
442 1071 562 1102 eadem
592 1070 794 1115 similiterf’)
828 1070 927 1104 etiam
951 1071 986 1104 in
1010 1069 1222 1112 evangelistis

88 1140 121 1163 ct
144 1130 307 1175 apostolis
332 1130 422 1163 fecit.
472 1131 555 1163 Nam
579 1144 621 1163 ne
646 1131 719 1165 illas
744 1132 881 1176 quidem
898 1132 1117 1175 narrationes,
1143 1145 1224 1176 quas

33 1213 44 1221 t
86 1205 150 1237 per
172 1204 231 1224 eos
255 1190 449 1235 inspiravit,
481 1193 608 1236 absque
633 1193 888 1237 hujuscemodi,
919 1207 1019 1237 quam
1044 1206 1144 1238 supra
1169 1206 1224 1226 ex-

85 1253 279 1298 posuimus,
311 1252 495 1297 sapientiae
509 1254 542 1296 Β)
566 1267 645 1286 suae
669 1264 739 1287 arte
768 1257 950 1288 contexuit.
997 1255 1097 1287 Unde
1118 1254 1224 1288 »etiam

87 1315 121 1348 in
146 1314 226 1359 ipsis
248 1327 318 1346 non
343 1326 444 1357 parva
468 1314 683 1359 permiscuit,
717 1316 839 1360 quibus
862 1315 1043 1348 historialis
1067 1315 1224 1348 narrandi

89 1378 174 1409 ordo
199 1376 442 1420 interpolatus»,
473 1376 528 1408 vel
552 1376 728 1409 intercisus
752 1391 813 1421 per
837 1376 1146 1421 impossibilitatem
1171 1377 1223 1408 sui

89 1439 277 1471 reflecteret
296 1446 400 1481 ratque
425 1446 600 1469 revocaret
622 1437 845 1471 intentionem
871 1438 1009 1479 legentis
1033 1439 1076 1470 ad
1100 1438 1225 1471 intelli-

89 1499 217 1542 gentiae
240 1498 411 1531 interioris
434 1511 583 1531 examen.

178 1560 278 1604 (175)
311 1560 378 1593 Sed
411 1569 449 1591 ut
480 1561 580 1592 rebus
611 1560 691 1604 ipsis
724 1562 815 1605 quod
848 1561 992 1593 dicimus
1017 1569 1224 1601 agnoscatur,

90 1624 159 1667 ipsa
200 1622 264 1666 jam
295 1621 490 1665 Scripturae
530 1622 605 1653 loca
645 1622 831 1665 pulsemus.
891 1622 1053 1661 Cuinam,
1089 1633 1225 1665 quaese,

90 1696 222 1716 sensum
253 1682 392 1715 habenti
422 1691 667 1726 consequenter
680 1683 712 1727 ⁷)
743 1683 914 1715 videbitur
945 1683 1094 1723 dictum,
1132 1683 1225 1727 quod

187 1834 218 1877 ¹)
244 1832 305 1864 Ed.
332 1832 381 1865 M.
408 1831 432 1864 l.
458 1845 654 1876 perperam:
682 1832 811 1874 „facian
861 1832 987 1875 Qu0d“
1014 1843 1078 1867 etc.

184 1889 218 1931 ²)
244 1888 307 1920 Ed.
334 1888 381 1919 M.
408 1888 432 1919 l.
460 1887 652 1927 „alterius.“

185 1944 217 1987 3)
245 1943 301 1976 Sic
325 1943 406 1976 Mss.
433 1944 670 1976 Geuebrardus
703 1943 836 1987 (itemq.
863 1945 914 1976 ed.
943 1945 988 1976 M.
1017 1945 1075 1987 ll.)
1109 1956 1226 1987 „repe—

91 1990 259 2022 tendam.“
309 1988 474 2021 Merlinus
499 1989 568 2032 (ed.
595 1989 642 2020 M.
670 1988 711 2032 l.)
738 1995 946 2032 „1·epetere.“
974 1990 1003 2021 R

185 2046 218 2088 ⁴)
244 2044 302 2077 Sic
327 2044 407 2076 Mss.
434 2044 471 2075 ln
503 2043 601 2075 editis
630 2044 677 2085 (v.
709 2056 737 2074 c.
770 2044 845 2076 edd.
875 2044 939 2088 M.)
974 2045 1084 2076 deest:
1125 2044 1227 2086 „scri-

93 2100 161 2135 pta.
168 2093 184 2109 ‘¹‘
213 2090 251 2121 R.
346 2090 382 2130 ⁵)
407 2088 494 2121 Edd.
522 2089 568 2121 Μ.
596 2088 728 2128 „simuh
734 2103 751 2118 «

186 2146 220 2187 ὓ)
246 2145 294 2176 lta
329 2145 408 2176 Mss
442 2143 535 2175 Editi
567 2156 647 2175 vero
681 2143 728 2186 (ν.
766 2157 793 2176 c.
827 2144 903 2176 edd.
935 2144 1000 2187 Μ.)
1042 2144 1225 2188 „sapientia

95 2202 164 2221 snve
196 2198 265 2221 arte
299 2188 479 2221 contexuit.
528 2188 629 2220 Unde
661 2187 761 2220 etiam
794 2201 862 2220 non
896 2202 997 2233 parv-‘1
1021 2189 1228 2234 permiscuit

95 2234 237 2278 quibus“
263 2243 326 2267 etc.
353 2234 392 2265 R.

189 2289 223 2333 ⁷)
249 2289 308 2322 Sic
335 2289 413 2322 Mss.
438 2288 530 2321 Editi
557 2289 602 2332 (v,
631 2301 659 2322 c.
683 2289 761 2320 edd.
790 2287 854 2332 Μ.)
882 2289 1175 2329 „conveniente1·‚“
1194 2291 1231 2324 R.
