1404 2463
391 79 435 100 ne
460 69 653 101 ancwns
679 69 790 101 Lmen
818 70 859 102 ΙΙ.
1129 68 1192 103 183

75 159 148 191 tutin
175 158 377 197 bonitatem,
409 159 538 190 dicens:
576 156 699 199 »Quod
716 158 747 200 ¹)
773 171 850 199 ergo
874 159 1001 189 bonum
1026 169 1091 198 est,
1116 158 1191 202 (89)

75 220 158 252 mihi
191 233 280 252 mors
305 220 377 252 est?
409 219 533 252 Absit.«
582 218 696 250 Sciens
728 218 852 262 quippe
882 219 1067 251 bonitatem
1091 232 1191 261 genus

76 294 146 313 esse
177 281 357 320 virtutum,
394 280 549 324 justitiam
580 291 658 310 vero
685 279 736 310 vel
760 281 967 312 sanctitatem
990 280 1116 324 species
1139 293 1193 325 ge-

76 342 179 381 neris,
202 341 326 385 ide0²)
351 355 425 374 cum
449 344 483 373 in
509 339 738 383 superioribus
763 353 864 381 genus
886 341 985 373 simul
1009 354 1046 373 ac
1069 341 1194 384 speeies

76 403 292 442 nominasset,
324 411 474 446 repetens
504 415 693 434 sermonem
723 402 763 433 ad
788 402 901 434 solum
924 415 1025 443 genus
1048 401 1190 434 retorsit.

77 464 146 496 Sed
171 464 260 496 etin
294 463 591 507 consequentibus:
628 463 916 506 „Peccatum,“³)
949 462 1076 507 inquit,
1114 475 1194 506 „per

78 527 206 557 bonum
238 524 320 556 mihi
351 535 524 569 operatum
551 534 598 557 est
623 527 798 556 mortem.“
849 525 884 556 ln
909 538 975 568 quo
1000 524 1033 556 id
1057 537 1118 568 per
1141 537 1195 565 ge—

79 600 138 618 nus
163 586 343 626 concludit,
363 586 453 629 quod
477 585 628 629 superius
652 599 712 630 per
735 586 862 629 species
879 595 1087 630 exposuerat.
1122 586 1196 618 Hoc

79 649 182 679 modo
212 659 354 691 namque
385 641 638 688 intelligendum
676 656 723 679 est
755 647 852 680 etiam
885 647 987 687 illud,
1023 648 1114 691 quod
1147 646 1196 678 di—

81 718 170 741 ctum
203 718 270 740 est:
304 708 440 750 „Bonus
451 707 484 752 ⁴)
512 709 614 740 homo
647 709 688 740 de
718 710 809 740 bono
834 709 988 741 thesauro
1013 708 1123 741 cordis
1146 709 1197 740 sui

79 769 210 814 profert
232 770 378 810 bonum,
403 779 436 801 et
459 770 565 802 malus
590 770 631 801 de
656 770 745 801 malo
770 771 901 814 profert
925 771 1082 802 malumst
1131 770 1198 802 Ge-

81 843 141 862 nus
172 843 314 875 namque
347 831 500 863 assumsit
536 831 634 863 etiam
651 832 684 875 ⁵)
715 831 767 863 hic
803 831 836 863 in
867 833 977 870 bono,
1015 832 1067 864 vel
1094 831 1195 871 malo,

81 893 259 925 ostendens
289 893 358 925 sine
389 893 493 925 dubio
526 893 559 924 in
591 894 682 924 bono
716 892 849 924 homine
881 906 950 925 esse
975 902 1005 925 et
1030 893 1199 937 justitiam,

81 962 115 985 et
137 954 365 996 sobrietatem,
389 964 421 987 et
444 954 669 999 prudentiam,
694 964 726 986 et
749 954 918 998 pietatem,
944 964 975 986 et
993 967 1091 987 omne
1109 956 1199 999 quod

84 1015 134 1047 vel
147 1015 180 1060 ⁵)
211 1015 278 1048 dici
309 1017 454 1056 bonum,
487 1017 538 1048 vel
568 1016 709 1058 intelligi
739 1025 860 1060 potest.
908 1015 1072 1048 Similiter
1102 1016 1200 1049 etiam

85 1086 117 1108 et
146 1077 270 1108 malum
302 1077 470 1109 hominem
504 1077 600 1117 dixit,
638 1077 694 1121 qui
725 1077 794 1109 sine
819 1077 922 1108 dubio
947 1087 1030 1110 esset
1052 1078 1202 1122 iniustus,

85 1147 119 1170 et
141 1138 308 1182 impurus,
344 1148 376 1171 et
398 1139 537 1183 impius,
574 1149 606 1170 et
631 1138 741 1170 omnia
769 1152 850 1182 quae
877 1153 936 1182 per
960 1149 1069 1182 partes
1093 1141 1200 1172 homi-

86 1211 162 1231 nem
193 1199 318 1231 malum
350 1201 548 1234 deformant.
610 1200 708 1234 Sicut
746 1199 833 1231 enim
864 1200 932 1231 sine
966 1200 1016 1233 his
1049 1202 1203 1245 nequitiis

87 1273 186 1292 nemo
212 1261 403 1305 aliquem7)
426 1263 551 1294 malurn
576 1261 746 1293 hominem
772 1270 883 1305 putat,
919 1274 981 1293 nec
1006 1276 1074 1295 csse
1099 1264 1203 1295 malus

87 1330 214 1365 potest,
238 1322 282 1353 ita
309 1332 341 1354 et
364 1323 434 1355 sine
457 1323 523 1356 illis
549 1323 725 1355 virtutibus
751 1332 878 1355 eertum
904 1332 969 1365 est,
995 1325 1087 1367 quod
1105 1338 1203 1356 nemo

87 1383 259 1427 putabitur
291 1396 361 1415 esse
395 1387 512 1419 bonus.
570 1387 729 1431 Superest
764 1384 802 1416 iis
836 1384 943 1417 adhuc
979 1384 1078 1417 etiam
1111 1386 1205 1424 illud,

87 1445 179 1488 quod
213 1444 303 1476 velut
315 1445 348 1488 ⁸)
380 1443 518 1488 proprie
546 1444 609 1477 sibi
641 1447 754 1478 datum
786 1455 916 1478 scutum
940 1456 1076 1490 putant,
1113 1450 1203 1491 quod

89 1505 170 1538 dixit
193 1505 359 1538 Dominus
389 1505 423 1538 in
454 1506 656 1548 Evangelio:
698 1508 826 1548 „Nemo
840 1507 874 1551 ⁹)
904 1509 1012 1540 bonus
1037 1508 1098 1541 nisi
1121 1523 1205 1541 unus

90 1567 182 1598 Deus
205 1570 344 1611 ΡΜιει-ιι6
370 1567 518 1600 dicentes
543 1568 607 1600 hoc
632 1582 700 1601 esse
723 1569 898 1613 proprium
923 1571 1122 1603 vocabulum
1146 1572 1206 1604 Pa*

91 1628 149 1660 tris
174 1628 312 1668 Christi,
337 1629 394 1673 qui
417 1639 526 1662 tamen
558 1630 640 1662 alius
664 1630 705 1662 sit
730 1644 746 1662 a
772 1640 920 1663 creatore
946 1632 1095 1664 omnium
1119 1633 1206 1673 Deo,

95 1690 148 1721 cui
183 1691 322 1722 creatori
353 1691 575 1735 bonitatis¹⁰)
606 1691 732 1724 nullam
770 1692 900 1724 dederit
935 1693 1207 1737 appellationem,

190 1824 220 1867 ι)
245 1824 343 1856 Rom.
368 1824 442 1867 vu,
467 1825 518 1859 13.
604 1826 637 1869 ²>)
660 1826 745 1859 Edd.
773 1827 818 1859 M.
847 1837 897 1859 »et
923 1827 1033 1860 meme

187 1881 218 1921 3)
246 1880 314 1913 cfr.
339 1881 438 1913 Rom.
466 1881 538 1920 vn,
566 1881 615 1915 13.
711 1882 745 1926 4)
770 1882 886 1916 Mani».
912 1883 988 1923 Χιι,
1012 1883 1066 1918 35.

190 1936 222 1975 ᾗ)
248 1935 304 1967 Sic
330 1936 406 1967 Mss.
433 1935 522 1968 Libri
553 1937 633 1969 editi
665 1938 710 1980 (v.
737 1952 763 1972 c.
789 1939 863 1970 edd.
891 1939 953 1982 M.)
989 1940 1107 1973 »etiam
1133 1942 1207 1975 huit

99 1981 188 2011 bono
215 1981 266 2011 vel
292 1980 412 2012 maios<
439 1982 478 2012 R.
584 1983 616 2025 ὃ)
642 1983 746 2015 Deest
771 1985 864 2024 „vel“
889 1984 923 2015 in
950 1985 1024 2019 edd.
1052 1986 1098 2019 M.

193 2037 224 2079 7)
250 2035 306 2068 530
331 2036 409 2068 Mss.
434 2036 525 2068 Libri
551 2038 631 2070 editi
656 2039 702 2082 (v.
727 2052 755 2072 c.
780 2040 854 2072 edd.
880 2031 944 2084 Μ’.)
972 2041 1144 2086 „anquisfl
1173 2044 1208 2075 n.

191 2092 224 2136 S)
250 2092 353 2123 Deest
379 2093 510 2132 „veluv‘
539 2094 570 2125 in
596 2094 672 2127 edd.
697 2095 744 2126 Μ.

193 2150 225 2191 9)
251 2149 367 2180 Mum.
392 2148 484 2188 xix,
510 2150 560 2183 17.
606 2151 707 2183 Marc.
733 2152 775 2190 x,
801 2151 850 2185 18.
889 2153 965 2184 Luc.
990 2154 1114 2193 xvffl,
1144 2155 1190 2189 w.

174 2205 227 2248 ¹⁰)
251 2204 342 2236 Libri
374 2204 455 2237 editi
486 2212 531 2250 (v.
558 2221 582 2238 ν.
610 2207 686 2240 cdd.
711 2207 775 2251 Μ.)
802 2208 983 2248 ,,Ι)οηὶῑ35.“
1019 2210 1097 2242 Mss.
1124 2220 1158 2242 ut
1183 2212 1214 2242 in

103 2258 217 2281 nostro
242 2258 343 2282 textu.
371 2251 406 2282 R.
