1404 2463
207 82 271 116 112
680 81 852 115 Omssfflws

205 171 248 202 lia
272 171 351 203 sint:
377 181 532 204 utrumne
556 185 618 216 pro
645 184 702 210 co,
739 172 829 216 quod
862 171 945 203 nihil
976 170 1114 203 omnino
1147 179 1223 214 post
1247 169 1326 202 baec
1368 173 1370 176 ’

206 243 302 266 erunt
325 233 358 266 in
384 233 539 266 omnibus
563 233 629 265 illis
653 233 755 265 futuri
773 234 802 277 ¹)
827 232 948 265 saeculi
973 232 1105 277 spatiis,
1130 231 1250 276 quibus
1275 231 1325 263 di-

205 295 332 339 spersio
365 295 421 327 illa
452 295 549 327 unius
579 294 735 339 principii
766 304 864 339 atque
896 293 1016 326 divisio
1048 294 1087 326 ad
1120 306 1223 325 unum
1236 292 1271 336 ²)
1295 302 1327 324 et

205 358 349 389 eundem
373 357 473 389 finem
498 370 535 389 ac
559 356 811 389 similitudinem
837 365 1028 400 reparetur;
1043 355 1077 399 3)
1113 367 1152 387 an
1189 366 1251 398 pro
1276 366 1328 391 en,

206 419 296 463 quod
321 419 450 451 habitus
475 419 611 463 quidem
633 431 761 456 eorum,
787 430 870 462 quae
893 417 1057 457 videntur,
1081 425 1235 457 transeat,
1259 428 1327 456 non
1370 439 1373 460 1

203 490 315 513 tamen
347 494 462 513 eorum
498 480 725 523 substantia⁴)
767 479 960 512 omnimode
997 487 1237 522 corrumpatur.
1285 476 1327 509 Et
1370 473 1373 511 ᾗ

205 543 327 575 Paulus
351 542 486 587 quidem
512 542 645 574 videtur
668 541 721 580 id,
752 542 842 586 quod
868 540 1035 585 posterius
1059 539 1219 578 diximus,
1249 551 1329 580 gon·
1371 526 1373 532 ,

203 605 348 646 firmare,
373 617 447 636 cum
462 603 560 636 dicit:
586 602 739 644 „Transit
756 604 788 647 ⁵)
815 603 901 635 enim
919 602 1050 635 habitus
1069 601 1164 647 hujus
1177 599 1325 632 mundi.“
1372 609 1374 634 ἰ

206 667 274 700 Sed
299 676 331 698 et
354 665 466 698 David
491 679 566 697 cum
591 664 689 697 dicit:
730 665 894 709 „Coeli⁶)
932 665 1108 709 peribunt,
1147 672 1182 695 tu
1215 672 1326 694 autem
1372 674 1374 699 ζ

203 727 481 772 permanebis‚⁷)
522 736 555 758 et
587 739 702 759 omnes
732 727 816 759 sicut
846 727 1079 758 vestimentum
1112 733 1328 763 veterascent,

205 799 238 821 et
262 789 353 821 velut
378 789 535 821 amictum
569 788 710 820 mutabis
742 801 817 827 eos,
854 788 938 820 sicut
962 787 1196 820 vestimentum
1219 794 1327 817 muta-

203 852 370 884 buntur:“
397 851 513 883 eadem
538 849 669 882 videtur
695 850 881 882 ostendere.
935 849 971 883 Si
996 848 1084 881 enim
1110 847 1327 879 mutabuntur

205 913 304 953 coeli,
327 913 442 957 utique
468 925 535 945 non
560 912 647 956 perit
673 913 763 956 quod
788 920 952 943 mutatur:
978 919 1010 942 et
1024 909 1049 942 si
1064 909 1193 942 habitus
1209 909 1326 941 mundi

204 975 331 1015 transit,
356 988 423 1007 non
449 973 643 1006 omnimode
668 972 898 1005 exterminatio
926 972 978 1003 vel
1008 971 1154 1016 perditio
1178 972 1328 1004 substan-

204 1037 269 1069 tiae
293 1035 472 1068 materialis
499 1034 696 1074 ostenditur,
719 1035 777 1066 sed
791 1034 980 1066 immutatio
1000 1033 1161 1078 quaedam
1185 1033 1222 1065 fit
1246 1046 1325 1077 qua-

204 1099 316 1139 litatis,
341 1108 439 1142 atque
464 1097 594 1130 habitus
615 1095 873 1129 transformatio.
913 1094 1025 1126 Esaias
1042 1107 1175 1139 quoque
1201 1108 1276 1127 cum
1290 1095 1323 1137 Β)

203 1174 264 1205 per
287 1159 499 1205 prophetiam
522 1158 612 1198 dicit,
637 1157 712 1203 quia
732 1156 816 1198 „erit
827 1156 860 1200 9)
886 1157 1018 1188 coelum
1036 1169 1171 1197 novum,
1194 1165 1228 1188 et
1241 1166 1326 1189 terra
1375 1153 1378 1172 ¹

204 1225 337 1254 novaz⁴⁴
362 1220 505 1253 similem
531 1220 599 1252 sine
626 1219 727 1251 dubio
752 1218 897 1260 suggerit
921 1218 1137 1251 intellectum.
1186 1219 1328 1250 Innova-

205 1284 252 1316 tio
284 1295 428 1327 namque
461 1281 547 1314 coeli
578 1291 611 1313 et
639 1291 764 1320 terrae,
805 1290 837 1312 nt
866 1280 1096 1312 transmutatio
1128 1280 1326 1324 habitus¹⁰)
1376 1277 1377 1299 1

205 1345 301 1390 liujus
324 1344 458 1383 mundi,
484 1353 515 1376 et
539 1343 727 1375 immutatio
754 1343 945 1380 coelorum,
977 1342 1094 1386 his¹¹)
1125 1342 1196 1374 sine
1221 1341 1324 1374 dubio
1376 1362 1377 1366 =

204 1406 473 1452 praeparabitur,
505 1405 560 1449 qui
585 1418 646 1448 per
669 1404 762 1436 illam
788 1404 891 1443 viam,
926 1417 1025 1448 quam
1056 1417 1156 1448 supra
1181 1403 1327 1436 ostendi-

206 1483 298 1509 mus,
328 1468 391 1500 iter
421 1475 573 1510 agentes,
603 1466 643 1497 ad
676 1465 771 1498 illum
802 1465 903 1497 finem
938 1465 1152 1498 beatitudinis
1174 1466 1325 1505 tendunt,

299 1596 331 1640 ¹)
356 1595 447 1628 Libri
475 1595 555 1628 editi
580 1595 627 1638 (v.
652 1607 677 1628 c.
705 1594 778 1626 edd.
798 1592 864 1637 M.)
891 1593 1032 1634 „futuris
1056 1594 1170 1638 spatiis
1195 1607 1232 1626 ac
1255 1607 1324 1626 sae-

207 1642 321 1675 culis.“
348 1643 392 1673 At
416 1653 533 1673 omnes
559 1641 637 1673 Mss.
661 1649 698 1672 ut
721 1639 754 1671 in
778 1648 893 1671 nostro
919 1648 1020 1672 textu.
1045 1639 1084 1671 R.

295 1698 328 1741 ²)
355 1696 411 1730 Sic
437 1696 516 1730 Mss.
541 1696 632 1728 Libri
658 1708 736 1727 vero
763 1694 843 1726 editi
867 1695 911 1737 (V.
938 1708 964 1727 c.
985 1695 1035 1727 ed.
1054 1694 1100 1727 M.
1119 1694 1174 1738 ΙΙ.)
1201 1707 1322 1735 „unum

207 1743 350 1776 eundem
388 1742 528 1773 modum
564 1745 621 1773 ac“
661 1751 722 1773 etc.
761 1741 799 1773 R.
842 1760 880 1765 —-
919 1739 982 1773 Ed.
1018 1740 1065 1772 M.
1093 1740 1115 1772 Ι.
1149 1748 1323 1784 corrupte:

209 1801 333 1830 „unum
358 1787 499 1819 eundem
524 1790 581 1819 ac“
609 1796 670 1818 etc.

300 1844 333 1887 ³)
358 1843 422 1875 Ed.
449 1842 496 1876 M.
522 1843 546 1875 l.
573 1845 795 1886 „reparatur.“

299 1900 333 1943 ⁴²)
357 1899 414 1931 Sic
438 1897 516 1930 Mss.
541 1898 633 1930 Libri
658 1897 738 1930 editi
763 1899 810 1940 (v.
835 1911 862 1930 c.
889 1898 963 1931 edd.
983 1896 1048 1942 Μ.)
1075 1896 1267 1942 „qualitas.“
1286 1897 1324 1930 R.

301 1957 335 1999 ⁵)
360 1956 373 1987 l
399 1955 477 1988 Cor.
502 1955 577 1994 Vll,
601 1954 653 1989 31.
678 1977 720 1983 -
744 1953 830 1985 Edd.
858 1952 905 1987 M.
933 1953 1137 1995 ,‚Transiet.“

301 2013 334 2056 ⁵)
359 2011 479 2044 Psalm.
506 2011 578 2050 Cll,
601 2010 654 2044 26.
751 2011 783 2054 ⁷)
808 2009 894 2042 Edd.
921 2010 969 2044 M.
998 2014 1223 2054 „permanes.“

302 2067 336 2110 8)
360 2068 409 2099 lta
444 2066 521 2099 Mss.
555 2065 646 2097 Libri
677 2066 757 2098 editi
789 2066 835 2109 (ν.
867 2079 894 2097 c.
923 2066 997 2099 edd.
1022 2065 1087 2110 M.)
1120 2079 1216 2108 „cum
1247 2079 1326 2111 pro-

209 2113 355 2159 phetiam
381 2112 499 2144 dicat.“
525 2111 563 2143 R.
658 2111 690 2154 9)
718 2112 785 2144 Cfr.
810 2111 907 2144 Jesai.
932 2111 1050 2151 LXVI,
1073 2111 1125 2146 22.

282 2170 336 2212 ¹⁰)
359 2169 463 2201 Deest
493 2167 526 2199 in
558 2167 649 2198 libris
685 2177 778 2200 antea
811 2167 908 2200 editis
940 2168 985 2212 (v.
1013 2181 1039 2200 c.
1065 2169 1140 2201 edd.
1168 2167 1242 2212 M.),
1266 2168 1322 2200 scd

209 2216 348 2248 habetur
373 2214 403 2245 iu
429 2213 582 2245 omuibus
610 2212 686 2245 Mss.
714 2213 895 2254 ‚,h:.bitus.“
922 2213 960 2245 R.

253 2315 259 2321 ς
283 2271 335 2314 ··)
360 2271 421 2303 Ed.
447 2269 496 2303 M.
523 2270 563 2302 ιι.
592 2269 681 2309 ,,ῑῑ5.“
