1404 2463
187 72 255 106 300
669 72 845 105 Onici-:ms

190 161 361 204 prioribus
394 161 499 193 causis
531 161 564 192 in
600 161 663 192 hoc
697 161 824 192 mundo
857 162 897 193 ad
927 163 1090 192 bonorem
1117 162 1242 192 fartum
1268 169 1328 198 est,

189 222 216 252 si
248 221 470 262 neglIgentius
501 223 620 263 egerit,
654 236 716 266 pro
751 222 1015 254 conversationis
1039 234 1117 254 suae
1142 221 1271 253 meritis
1296 220 1328 252 in

191 282 258 314 alio
289 284 426 315 saeculo
460 284 672 326 efficiatur¹)
698 296 753 315 vas
778 284 819 315 ad
846 282 1109 322 contumeliam3
1144 282 1233 314 sicut
1254 295 1328 313 rur-

190 356 264 375 sum
295 343 322 375 si
353 344 427 388 quis
461 358 499 376 ex
531 344 814 389 praecedentibus
839 343 944 376 causis
972 344 1004 375 iu
1030 343 1092 375 hac
1117 343 1183 375 vita
1208 355 1264 374 vas
1286 342 1328 374 ad

191 405 433 437 coutumeliam
465 419 482 438 a
507 416 659 438 creatore
685 406 849 438 formatus
874 414 940 444 est,
972 414 1004 437 et
1028 403 1261 437 emendaverit
1282 415 1330 442 se,

190 474 289 509 atque
315 467 357 498 ab
382 467 539 499 omnibus
563 467 720 500 sordibus
744 466 900 511 vitiisque
926 465 1129 509 purgaverit,
1150 465 1212 497 illo
1237 472 1330 496 no'vo

189 527 326 558 saeculo
359 537 473 572 potest
505 528 592 560 elfici
629 541 682 560 vas
716 528 757 560 ad
783 527 968 566 honorem,
1003 526 1265 564 sanctificatum,
1299 534 1332 557 et

190 588 293 627 utile,
327 589 368 621 ad
402 602 503 621 omne
537 602 623 633 opus
653 590 781 621 bonum
814 597 980 633 paratum.
1028 587 1187 631 Denique
1213 585 1331 631 quiin

192 650 257 681 hoc
281 649 437 690 saeculo,
463 660 500 682 ut
527 650 696 682 israelitae
721 659 847 689 essent,
873 662 889 680 a
915 650 992 681 Deo
1018 648 1155 680 formati
1179 657 1271 686 sunt,
1297 657 1330 680 et

191 710 362 752 indignam
388 710 489 743 vitam
514 711 643 752 generis
669 712 718 744 sui
744 711 921 743 nobilitate
946 718 1134 752 gesserunt,
1162 718 1265 753 atque
1289 709 1332 740 ab

192 772 285 804 omni
310 771 460 804 familiae
484 785 562 804 suae
587 773 811 813 generositate
837 771 1055 808 deciderunt,
1086 770 1141 803 isti
1167 770 1334 815 quodam-

191 833 298 864 modo
325 846 362 865 ex
388 832 474 865 vasis
498 832 653 872 honoris,
682 846 745 876 pro
772 832 1008 864 incredulitate
1033 844 1109 870 sua,
1139 831 1173 863 in
1196 831 1333 863 saeculo

194 903 336 926 venturo
367 894 403 926 in
429 906 502 926 vasa
530 894 757 926 contumeliae
789 902 1045 932 convertentnr3
1081 901 1115 924 et
1141 891 1240 924 multi
1263 905 1337 924 rur-

192 967 283 994 sum,
315 954 373 998 qui
398 954 431 986 in
457 955 517 986 liae
543 955 609 986 vita
635 954 722 986 inter
749 954 928 999 Aegyptia,
966 954 1018 985 vel
1046 954 1203 985 Idumaea
1228 955 1335 998 depu-

193 1015 254 1047 tati
286 1025 363 1047 sunt
395 1028 487 1053 vasa,
532 1015 758 1047 Israelitarum
792 1015 858 1046 fide
883 1028 921 1046 ae
947 1014 1202 1047 conversatione
1226 1027 1336 1047 susce—

194 1086 270 1121 pta,
308 1089 383 1108 cum
416 1089 518 1120 opera
546 1076 769 1108 israelitarum
796 1076 955 1118 secel-int,
993 1075 1168 1108 eeclesiam
1192 1075 1336 1119 Domini

196 1136 332 1179 ingressi
359 1137 392 1168 iu
417 1138 626 1170 revelatione
650 1137 800 1169 filiorum
819 1137 885 1169 Dei
912 1150 986 1169 vasa
1011 1136 1149 1169 honoris
1167 1136 1334 1172 exsistent.

194 1199 244 1231 Ex
282 1211 350 1242 quo
389 1197 494 1239 magis
531 1198 689 1230 convenit
725 1198 859 1240 regulae
895 1197 1048 1241 pietatis,
1087 1207 1125 1230 ut
1161 1200 1336 1231 credamus

195 1272 472 1303 unumquemque
509 1258 763 1291 rationabilium
803 1260 991 1292 secuudum
1030 1259 1263 1303 propositum,
1303 1269 1337 1292 et

196 1320 487 1353 conversationem
513 1333 618 1360 suam,
642 1319 826 1364 aliquando
852 1333 889 1352 ex
916 1319 1013 1352 malis
1037 1320 1079 1352 ad
1104 1321 1232 1352 bouum
1258 1334 1338 1353 con-

198 1381 300 1420 verti,
340 1381 522 1424 aliquando
563 1393 580 1412 a
614 1380 710 1412 bonis
742 1382 783 1412 ad
818 1382 905 1412 mala
938 1381 1114 1413 decidere:
1152 1382 1338 1413 nonnullos

196 1455 331 1474 manere
362 1442 396 1473 in
428 1442 545 1480 bonis,
576 1442 659 1473 alios
692 1455 772 1474 vero
798 1442 897 1473 etiam
923 1443 963 1474 ad
990 1441 1134 1474 meliora
1157 1443 1336 1486 proficere,

197 1513 229 1536 et
254 1516 388 1546 semper
418 1503 460 1534 ad
487 1503 662 1547 superiora
696 1503 942 1544 conscendere,
978 1515 1153 1547 usquequo
1179 1504 1222 1535 ad
1245 1517 1336 1536 sum-

197 1577 289 1596 mum
323 1564 474 1595 omnium
508 1563 706 1607 perveniant
729 1564 888 1605 gradum3
927 1564 1012 1595 alios
1037 1576 1116 1595 vero
1143 1577 1278 1597 manere
1303 1565 1336 1598 in

197 1625 311 1664 malis,
344 1626 395 1656 vel
429 1624 456 1656 si
489 1624 681 1656 diffundere
713 1637 747 1655 se
780 1624 867 1656 ultra
901 1624 932 1656 in
959 1624 998 1656 iis
1022 1624 1151 1657 malitia
1176 1626 1339 1670 coeperit,

197 1686 365 1730 proficere
403 1686 437 1717 in
476 1684 629 1730 pejus‚‘2)
664 1694 695 1716 et
725 1698 830 1729 usque
863 1686 904 1717 ad
937 1686 1096 1718 ultimum
1128 1688 1338 1730 profundum

197 1747 346 1779 malitiae
381 1746 541 1788 demergi.
588 1745 688 1778 Unde
703 1745 737 1791 3)
770 1755 802 1778 et
839 1746 1070 1779 arbitrandum
1103 1757 1152 1780 cst
1175 1749 1338 1792 possibile

298 1902 327 1944 ¹)
355 1902 401 1933 ha
435 1901 515 1933 Mss.
551 1899 642 1932 Alias
675 1900 722 1941 (v.
749 1913 775 1932 c.
803 1900 834 1931 in
862 1901 938 1933 edd.
967 1902 1030 1945 Μ.)
1064 1901 1252 1942 „efficiatur
1283 1917 1338 1935 vas

200 1947 240 1977 ad
268 1945 525 1977 contumeliam:
553 1954 585 1976 et
611 1945 702 1987 quod
731 1958 784 1976 vas
810 1946 851 1976 acl
877 1947 1117 1978 contumeliam
1143 1959 1160 1978 a
1186 1957 1338 1980 creatore

199 1993 381 2023 formatum
409 2000 467 2030 est,
492 1998 529 2021 ut
554 1989 783 2022 emendaverit
807 1993 863 2021 se“
891 1999 952 2022 etc.
979 1991 1018 2023 R.

290 2045 324 2086 ²)
350 2045 407 2077 Sic
433 2054 522 2076 recte
548 2045 627 2078 Mss.
655 2044 746 2077 Alias
764 2045 811 2089 (v,
829 2059 856 2078 e.
876 2045 907 2077 in
927 2046 1003 2079 edd.
1020 2047 1084 2088 M.)
1111 2047 1283 2090 „poenis.“
1297 2048 1338 2080 R.

291 2099 326 2141 3)
355 2101 406 2131 Ab
433 2100 481 2131 his
508 2100 666 2132 vocibus:
708 2101 827 2140 „Unde
853 2110 886 2132 et
911 2102 1141 2133 arbitrandum
1167 2106 1236 2133 est“
1264 2111 1337 2139 etc,

200 2158 305 2188 nsque
332 2145 372 2176 ad
398 2144 485 2182 istas,
520 2158 604 2187 quae
630 2158 722 2176 num.
749 2158 819 2188 seq.
843 2146 1014 2186 leguntur:
1054 2147 1200 2178 »Verum
1227 2159 1335 2189 quon-

200 2190 265 2223 iam
293 2198 368 2227 οἱα,
393 2189 603 2221 desideratur
628 2189 659 2220 in
687 2190 872 2221 philocalia
897 2202 1032 2230 graecus
1058 2199 1247 2228 contextus,
1280 2204 1337 2221 cu-

200 2234 250 2279 jus
275 2233 399 2277 jactura
426 2233 577 2265 versione
600 2234 706 2266 sancti
732 2233 933 2279 Hieronymi
961 2235 1216 2279 quodammodo
1241 2247 1337 2278 repa-
