1404 2463
390 94 433 116 DE
460 84 651 116 Pumcwus
676 82 787 115 Lmen
814 82 869 115 ΙΙΙ.
1134 81 1198 116 331

73 183 214 213 stretur,
248 173 312 208 nisi
343 173 472 217 priores
506 172 668 217 quaedam
700 171 799 205 fuisse
829 173 868 205 iis
894 184 1009 205 causae
1034 172 1199 211 dicantur,

74 235 195 280 quIbus
225 244 402 280 antequam
434 234 468 267 in
500 246 643 278 corpore
675 243 889 266 nascerentur
919 233 1046 266 animae
1070 233 1199 278 aliquid

76 296 299 331 contraxerint
328 296 446 340 culpae
478 295 511 328 in
541 295 710 334 sensibus,
749 295 801 327 vel
833 294 981 327 motibus
1012 294 1099 335 suis,
1138 308 1199 339 pro

75 357 197 402 quibus
228 357 292 390 hoc
329 357 449 389 merito
486 356 554 400 pati
588 369 605 388 a
639 355 749 388 divina
788 356 1002 400 providentia
1035 356 1198 402 judicatae

74 429 161 453 sunt.
209 418 319 451 Liberi
336 419 364 461 ¹)
391 431 533 462 namque
558 417 684 450 arbitrii
709 430 841 461 semper
865 427 914 450 est
938 417 1064 457 anima,
1099 417 1200 450 etiam

75 493 149 512 cum
180 480 214 514 in
239 492 381 524 corpore
407 479 488 519 hoc,
515 479 614 512 etiam
641 492 716 511 cum
743 488 832 511 extra
858 492 978 523 corpus
1004 488 1067 511 est:
1104 487 1137 511 et
1161 479 1200 510 li-

73 542 182 574 bertas
208 541 333 573 arbitrii
360 540 411 573 vel
435 541 476 573 ad
502 541 587 573 bona
613 542 803 584 semper‚²)
836 541 886 572 vel
911 541 952 573 ad
977 541 1063 572 mala
1087 553 1200 572 move-

72 612 144 644 tur;
181 615 241 634 nec
270 614 416 645 unquam
447 601 652 634 rationabilis
685 615 818 641 sensus,
857 601 890 633 id
923 611 971 633 est
1003 615 1112 641 mens,
1149 602 1201 634 vel

71 663 196 702 anima,
221 661 291 694 sine
316 673 412 695 motu
436 664 550 708 aliquo
577 664 629 695 vel
653 664 765 703 bono,
791 663 841 695 vel
864 663 957 695 malo
983 660 1053 695 es'se
1078 673 1200 707 potest.

72 725 167 767 Quos
202 733 313 756 motus
353 737 464 757 causas
504 734 670 768 praestare
702 724 900 757 meritorum
937 724 1117 757 verisimile
1152 734 1201 757 est

24 803 26 806 v
73 785 171 820 etiam
203 785 294 830 prius
329 799 426 830 quam
457 787 490 818 in
522 786 587 818 hoe
618 787 746 818 mundo
780 786 908 831 aliquid
932 795 1044 828 agant:
1076 795 1112 819 ut
1137 800 1198 831 pro

71 847 119 880 his
143 847 289 886 meritis,
321 847 373 879 vel
400 847 521 887 causis,
552 861 613 892 per
645 847 792 880 divinam
816 847 1063 892 providentiam
1087 848 1198 880 statim

71 922 86 941 a
113 908 220 953 prima
245 909 425 947 nativitate,
450 909 519 940 imo
546 918 579 941 et
601 919 675 941 ante
701 910 925 950 nativitatem,
950 919 988 942 ut
1010 910 1055 942 ita
1080 910 1200 950 dicam,

72 971 123 1002 vel
148 970 230 1002 boni
254 969 392 1015 aliquid,
419 970 470 1002 vel
495 970 574 1002 mali
600 971 731 1015 perpeti
757 971 999 1015 dispensentur.

157 1031 202 1064 Et
222 1031 301 1063 haec
327 1030 461 1075 quidem
489 1031 576 1063 dicta
600 1032 664 1064 sint
689 1033 729 1064 de
755 1031 821 1072 his,
847 1045 931 1076 quae
957 1032 1112 1064 videntur
1136 1033 1198 1064 ho-

70 1093 229 1133 minibus,
269 1092 320 1124 vel
355 1105 372 1124 a
403 1092 511 1135 prima
543 1093 715 1126 nativitate
739 1093 868 1132 statim,
903 1094 956 1126 vel
981 1093 1081 1126 etiam
1105 1103 1199 1126 ante-

72 1168 170 1199 quam
196 1154 228 1186 in
252 1154 335 1186 hanc
360 1153 470 1185 lucem
496 1164 734 1198 prorumpant,
765 1155 907 1187 evenire.
955 1155 1007 1187 De
1032 1155 1082 1188 his
1108 1169 1198 1194 vero,

72 1228 154 1259 quae
181 1228 198 1247 a
224 1214 362 1248 diversis
386 1215 558 1259 spiritibus
583 1215 730 1258 animae,
756 1215 791 1248 id
817 1225 865 1248 est
889 1216 1049 1249 humanae
1075 1217 1199 1259 cogita-

71 1277 172 1317 tioni,
204 1286 439 1319 suggeruntur,
471 1289 556 1321 quae
591 1277 641 1309 vel
671 1277 711 1309 ad
744 1278 849 1316 bona,
885 1278 936 1309 vel
968 1278 1009 1310 ad
1035 1280 1196 1311 contraria

70 1348 273 1383 provocent,
304 1338 474 1370 interdum
506 1338 604 1372 etiam
629 1337 662 1370 in
688 1338 752 1370 hoc
776 1338 930 1371 exsistere
955 1341 1118 1384 quaedam
1142 1354 1198 1374 an-

71 1401 209 1434 teriores
222 1401 255 1445 3)
281 1412 464 1444 corporeae
489 1399 667 1432 nativitatis
693 1412 808 1432 causae
833 1401 998 1444 putandae
1022 1411 1111 1436 sunt.
1145 1403 1196 1434 ln-

69 1462 201 1494 terdum
234 1474 313 1494 vero
348 1461 483 1503 vigilans
515 1474 625 1501 mens,
659 1470 692 1493 et
722 1461 879 1506 abjiciens
904 1475 920 1494 a
945 1475 980 1495 se
1005 1477 1088 1508 quae
1112 1465 1198 1496 maia

69 1532 163 1561 sunt,
188 1524 357 1555 bonorum
381 1524 421 1555 ad
446 1537 480 1556 se
505 1522 710 1568 adjutorium
735 1533 913 1567 provocat:
946 1526 998 1557 vel
1024 1538 1041 1557 e
1068 1534 1197 1558 contra-

70 1582 120 1615 rio
146 1584 314 1625 negligens
341 1594 374 1616 et
398 1585 532 1626 ignava,
558 1586 638 1618 dum
663 1585 770 1618 minus
795 1595 887 1617 cauta
912 1595 976 1624 est,
1003 1586 1116 1618 locum
1142 1587 1198 1619 dat

71 1644 120 1676 his
150 1645 339 1688 spiritibus,
375 1647 432 1691 qui
466 1646 557 1678 velut
592 1647 736 1679 latrones
769 1659 806 1678 ex
833 1646 968 1678 occulto
994 1647 1199 1686 insidiantes,

71 1705 244 1750 irruere⁴)
277 1707 435 1740 humanas
469 1718 615 1747 mentes,
652 1721 727 1740 cum
760 1708 873 1740 locum
904 1707 966 1740 sibi
999 1709 1113 1741 datum
1138 1723 1200 1753 per

71 1765 242 1807 segnitiem
269 1767 429 1808 viderint,
459 1769 662 1809 moliuntur,
692 1769 778 1801 sicut
803 1769 847 1801 ait
870 1769 989 1801 Petrus
1014 1771 1197 1814 apostolus,

72 1827 147 1871 quia
181 1828 404 1869 „adversarius
422 1831 456 1874 ς)
480 1839 594 1862 noster
625 1830 778 1863 diabolus
802 1839 959 1875 tanquam
985 1831 1038 1863 leo
1064 1832 1196 1874 rugiens

165 1990 196 2033 ¹)
222 1990 307 2022 Vide
335 1990 390 2024 tib.
418 1992 460 2023 ΙΙ.
488 1991 719 2033 Origenianor.
746 2001 872 2036 quaest.
901 1993 970 2025 Vll.
994 2006 1085 2026 num.
1109 1993 1142 2032 2.

162 2048 195 2089 ²)
220 2046 324 2078 Deest
348 2046 381 2078 in
405 2056 499 2079 antea
524 2047 621 2079 editis
647 2049 691 2091 (v.
720 2061 745 2079 c.
772 2048 846 2081 edd.
874 2048 950 2092 NL),
974 2049 1033 2081 sed
1058 2050 1197 2083 habetur

71 2090 101 2122 in
127 2090 206 2124 Mss.
234 2095 418 2135 „semper.‘⁴
447 2092 484 2123 R.

163 2149 194 2189 3)
210 2147 293 2179 Edd.
310 2148 355 2179 M.
377 2147 572 2189 „anterioris
590 2148 764 2181 nativitatis
784 2161 964 2193 corporeae
983 2155 1119 2184 causae“
1136 2162 1196 2184 etc.

163 2202 196 2245 4)
222 2203 284 2236 Ed.
312 2204 357 2236 Μ.
384 2203 422 2236 11.
450 2203 595 2243 „irruere
622 2203 653 2235 in
680 2203 855 2237 humanas«
883 2215 945 2238 etc.

164 2258 195 2301 ⁵)
225 2260 233 2290 l
261 2259 348 2292 Petr.
377 2260 415 2298 V,
438 2259 470 2292 8.
