1404 2463
147 119 214 156 346
627 118 802 152 Omni-:ms

146 210 248 250 dixit,
271 209 350 254 quia
375 207 512 240 vanitati
537 216 686 240 creatura
707 207 856 253 subjecta
882 217 948 247 cst,
973 207 1074 240 etiam
1098 208 1233 242 initium
1250 211 1281 254 ¹)

147 272 217 317 ejus
244 269 410 311 ostendit;
441 269 469 301 si
502 269 590 301 enim
616 269 753 302 vanitati
778 278 932 302 creatura
957 269 1106 315 subjecta
1130 280 1180 303 est
1202 285 1282 316 pro-

146 345 222 379 pter
250 345 344 377 spem
358 333 391 376 ²)
421 330 588 375 aliquam,
626 344 665 364 ex
698 344 794 364 causa
824 331 942 375 utique
974 331 1124 377 subjecta
1148 342 1214 365 est:
1248 343 1282 366 et

146 397 240 441 quod
270 409 310 428 ex
344 407 441 427 causa
474 402 540 433 est,
577 406 712 426 necesse
749 402 798 426 est
829 402 866 425 ut
891 393 1061 437 coeperit3
1098 407 1167 426 non
1192 395 1281 427 enim

144 466 280 503 poterat
308 456 380 489 sine
409 454 483 488 ullo
514 455 610 488 initio
642 454 823 499 vanitati3)
851 464 1001 487 creatura
1025 469 1095 488 esse
1118 456 1279 502 subjecta,

145 528 178 551 et
201 531 335 563 sperare
366 517 503 550 liberari
535 530 553 550 a
576 517 735 549 servitute
761 516 1012 561 corruptionis,
1048 530 1133 562 quae
1156 517 1281 550 servire

145 593 215 613 uon
248 588 417 624 coeperat.
470 579 539 613 Sed
575 588 608 612 et
647 579 896 624 quamplurima
929 579 994 612 alia
1031 579 1066 612 in
1096 579 1280 624 Scripturis

143 641 262 675 divinis
291 641 526 686 hujuscemodi
538 640 572 685 ⁴)
597 640 686 674 dicta
715 641 879 685 reperiet,
911 641 938 673 si
970 641 1042 685 quis
1068 641 1219 686 requirat.
1242 655 1280 674 ex

143 704 236 746 otio,
264 704 384 748 quibus
409 712 441 735 et
466 702 600 735 initium
624 703 747 735 habere
772 704 938 743 mundus,
963 714 997 737 et
1019 703 1121 736 finem
1145 716 1281 748 sperare

143 766 274 798 dicitur.
289 766 323 810 ⁵)

232 827 262 861 2.
311 827 348 860 Si
378 826 451 871 quis
476 839 554 868 ergo
580 836 639 867 est,
663 826 720 871 qui
744 827 942 860 adversetur
965 827 999 860 in
1023 827 1084 859 hac
1107 836 1202 871 parte
1226 827 1278 858 vel

140 889 335 922 auctoritati
361 889 555 932 Scripturae
567 888 601 932 6)
625 897 778 927 nostrae,
803 888 858 920 vel
882 888 980 928 fidei.
1004 888 1214 934 inquiremus
1237 889 1278 921 ab

141 965 199 991 eo,
234 960 348 983 utrum
379 950 470 983 dicat
493 950 605 982 Deum
638 950 925 994 comprehendere
949 963 1049 995 posse
1074 949 1207 990 omnis,
1236 963 1278 983 an

141 1026 209 1045 non
233 1012 356 1056 posse?
390 1012 435 1044 Et
467 1011 578 1044 dicere
606 1011 763 1056 quidem:
801 1025 890 1053 „non
917 1015 1061 1058 posse-'¹¹‘
1100 1011 1277 1045 manifeste

140 1075 284 1119 impium
308 1084 368 1108 est.
415 1074 453 1107 Si
477 1087 578 1114 vero,
610 1075 703 1118 quod
726 1087 863 1107 necesse
888 1084 952 1115 est,
983 1074 1123 1115 dixerit,
1153 1073 1230 1119 quia
1244 1074 1276 1117 ⁷)

142 1137 254 1169 omnia
285 1136 560 1181 comprehendit,
589 1146 743 1180 superest
773 1145 811 1168 ut
836 1149 876 1169 eo
902 1136 996 1181 ipso,
1027 1149 1095 1182 qno
1121 1123 1277 1180 compre-

140 1199 241 1232 hendi
266 1208 423 1243 possunt,
460 1206 492 1230 et.
514 1197 649 1230 initium
673 1197 796 1230 habere
822 1198 1072 1240 intelligantur,
1107 1207 1140 1231 et
1163 1198 1275 1230 finem.

142 1263 225 1293 Nam
257 1262 348 1305 quod
380 1259 514 1305 penitus
547 1260 617 1292 sine
650 1259 748 1292 initio
781 1260 903 1304 ulloss)
929 1269 999 1304 est,
1035 1259 1276 1304 comprehendi

141 1323 279 1355 omnino
312 1336 382 1355 non
415 1332 539 1367 potest.
589 1322 625 1354 ln
651 1331 946 1366 quantumcunque
971 1322 1060 1354 enirn
1084 1335 1119 1355 se
1143 1322 1275 1355 intelle-

141 1395 212 1418 ctus
246 1384 450 1423 extenderit,
485 1384 519 1416 in
549 1393 679 1416 tantum
705 1384 1017 1428 comprehendendi
1041 1385 1181 1416 facultas
1204 1384 1274 1416 siue

138 1448 204 1480 fine
229 1446 438 1486 subducitur,
463 1455 496 1477 et
521 1445 688 1484 differtur,
712 1445 771 1477 ubi
794 1445 927 1477 initium
952 1458 1021 1477 non
1045 1445 1198 1478 habetur.

229 1508 261 1543 3.
308 1509 378 1542 Sed
409 1507 521 1540 solent
552 1507 650 1539 nobis
676 1505 823 1552 objicere
849 1507 1014 1540 dicentes:
1050 1507 1087 1540 Si
1112 1506 1272 1551 coepit9)

139 1573 285 1604 mundus
315 1584 352 1603 ex
384 1580 558 1614 tempore,
599 1568 680 1613 quid
698 1569 750 1611 ¹⁰)
781 1579 857 1602 ante
888 1569 1032 1602 faciebat
1054 1569 1149 1601 Deus
1173 1581 1273 1613 quam

234 1735 264 1778 '¹)
291 1735 420 1766 Verba:
463 1731 617 1764 »initium
651 1731 720 1775 ejus
759 1731 925 1771 ostendit3
961 1731 988 1764 si
1021 1731 1110 1764 enim
1135 1732 1271 1765 vanitati

139 1791 288 1814 creatura
311 1778 460 1823 subjecta
485 1787 533 1810 est
557 1780 731 1821 propter,“
763 1776 798 1808 in
822 1785 918 1809 antea
943 1776 1040 1810 editis
1065 1779 1112 1821 (v.
1138 1791 1165 1811 c.
1191 1778 1269 1811 edd.

139 1829 204 1870 M.)
230 1826 362 1864 omissa,
385 1823 565 1856 restituunt
589 1835 705 1854 omues
730 1821 839 1855 Codd.
865 1822 943 1857 Mss.
970 1823 1010 1857 R.

230 1884 264 1926 ²)
289 1881 376 1914 Edd.
406 1881 451 1915 M.
478 1879 530 1911 nin
554 1891 669 1922 spem«
696 1888 758 1911 etc.

230 1940 264 1981 ³)
291 1937 347 1971 Sic
365 1937 444 1969 Mss.
461 1936 496 1967 in
513 1925 610 1967 'editis
627 1936 676 1979 (v.
692 1948 718 1969 c.
736 1934 1010 1976 edd.M.)dee⁵22
1028 1935 1218 1976 „vanitatifl
1230 1937 1269 1971 R.

230 1996 264 2037 ⁴¹)
289 1994 378 2026 Edd.
402 1993 452 2025 M.
479 1991 726 2037 „hujusmodi.“
823 1993 855 2036 5)
881 1992 969 2025 Edd.
995 1992 1041 2024 M.
1068 1992 1252 2033 „dicatur.«

231 2051 264 2092 ὅ)
288 2050 396 2081 Deest
424 2049 459 2081 iu
490 2059 585 2081 antea
616 2049 713 2081 editis
739 2051 775 2093 (v
814 2062 831 2080 c
867 2049 942 2080 edd.
969 2048 1046 2091 M.)‚
1077 2049 1136 2081 sed
1168 2049 1266 2082 habe-

138 2107 192 2128 tur
217 2095 248 2127 iu
274 2096 353 2127 Mss.
384 2094 628 2138 »Scripturae.«
656 2095 694 2126 R.
783 2094 816 2138 7)
841 2094 905 2133 Ed.
933 2095 981 2126 M.
1011 2094 1050 2126 ΙΙ.
1076 2096 1221 2138 „qu0d“

231 2152 262 2192 ¹⁵)
282 2150 338 2183 Sic
357 2150 434 2182 Mssi
453 2151 489 2182 ln
507 2150 604 2182 editis
621 2153 666 2194 (v.
687 2165 712 2183 c.
732 2152 795 2183 edd
821 2151 885 2193 Μ.)
903 2152 1012 2182 deest:
1040 2150 1167 2189 „ullo.“
1188 2151 1226 2183 R.

231 2210 264 2249 ²⁴)
290 2205 375 2237 Edd.
401 2206 448 2237 M.
475 2206 680 2250 „coeperit.“
698 2228 740 2231 -
765 2207 851 2239 Vide
876 2207 934 2239 lib.
962 2207 1004 2239 ΙΙ.
1032 2207 1265 2249 Οτὶἕοῃῖεωωκ

139 2261 264 2297 quac-sl.
289 2251 365 2283 ΧΗ.
391 2264 480 2283 uum.
510 2251 540 2284 4,

212 2310 262 2352 ¹⁰)
288 2308 342 2341 Sic
371 2307 448 2339 Mss.
477 2307 565 2339 Alias
590 2310 636 2351 (v.
664 2321 690 2341 c.
719 2308 750 2340 in
778 2309 854 2341 cdd.
882 2309 948 2348 Μ.)
982 2307 1085 2352 „quid
1116 2318 1189 2340 anu·
1216 2313 1264 2342 fa-

1378 736 1381 750 Ἰ
