1404 2463
434 93 478 114 m:
504 82 697 115 PmNcn’ns
720 83 833 114 Lmen
861 82 918 114 111.
1189 80 1254 115 309

131 184 264 204 manum
289 172 501 216 propositum
526 173 634 204 solum
668 184 728 215 per
750 185 784 203 se
810 172 918 215 ipsum
943 171 1177 214 imperfectum
1203 179 1251 202 est

131 234 173 266 ad
203 234 523 266 consummationem
556 233 656 273 boni,
693 232 864 275 adjutorio
895 245 1037 276 namque
1072 232 1186 264 divino
1211 233 1250 264 ad

131 296 279 339 perfecta
318 308 468 340 quaeque
505 294 762 340 perducitur:¹)
800 296 843 327 ita
883 294 982 327 etiam
1014 293 1047 326 in
1080 294 1252 326 contrariis

131 357 222 389 initia
248 359 425 401 quaedam,
461 366 492 388 et
518 357 608 388 velut
632 356 794 400 quaedam
820 356 946 387 semina
971 365 1185 400 peccatorum
1211 357 1251 387 ab

132 418 181 451 his
205 420 320 458 rebus,
352 431 434 462 quae
465 418 496 450 in
528 431 589 449 usu
620 417 816 449 naturaliter
841 417 1021 457 habentur,
1053 417 1251 462 acripiruuffi

133 494 206 513 cum
239 493 318 513 vero
353 479 587 512 indulserimus
622 479 709 511 ultra
733 491 832 523 quam
857 478 933 510 satis
959 488 1022 518 est,
1053 489 1086 512 et
1109 493 1177 511 non
1202 492 1253 511 re-

130 542 313 575 stiterimus
326 543 359 585 ²)
383 541 538 573 adversus
564 541 691 584 primos
716 541 992 584 intemperantiae
1017 550 1144 579 motus,
1175 550 1253 573 tunc

132 603 232 648 primi
262 602 356 648 hujus
389 602 503 635 delicti
533 603 699 647 accipiens
731 603 843 635 locum
878 602 980 634 virtus
1007 602 1138 635 inimica
1162 602 1254 635 insti-

132 674 202 706 gat,
237 673 270 696 et
293 673 449 708 perurget
474 655 629 697 omnibus
653 664 779 702 modis,
816 665 951 696 studens
975 665 1144 708 profusius
1168 664 1251 696 dila-

129 736 198 758 tare
229 735 379 770 peccata,
417 735 449 758 et
481 726 616 770 quidem
647 726 743 758 nobis
777 726 965 758 hominibus
1006 726 1195 758 occasiones
1221 735 1252 757 et

129 787 220 820 initia
252 787 487 831 praebentibus
520 797 745 831 peccatorum,
772 787 915 821 inimicis
941 798 1050 821 autent
1077 788 1250 832 potestati-

127 850 188 881 bus
213 848 309 881 tatius
334 861 371 881 ea
396 858 428 881 et
453 849 601 890 longius,
627 850 705 894 et³)
729 850 756 882 si
781 850 852 882 sieri
878 859 1007 894 potest,
1032 850 1154 894 absque
1179 850 1249 882 ullo

128 912 191 943 fine
223 910 493 956 propagantibus.
543 913 590 943 lta
616 910 760 955 denique
790 912 823 944 in
848 911 1018 945 avaritiam
1045 912 1154 955 lapsus
1179 911 1250 943 essi-

129 972 230 1012 citur,
272 986 346 1005 cum
384 973 494 1017 primo
527 972 679 1006 homines
711 986 828 1017 parum
863 973 942 1017 quid
974 973 1133 1017 pecuniae
1166 972 1250 1004 desi-

128 1035 254 1074 derant,
279 1035 400 1067 deinde
413 1034 445 1078 4)
471 1044 665 1076 augescente
691 1034 773 1066 vitio
798 1034 962 1079 cupiditas
979 1034 1144 1067 increscit.
1170 1035 1251 1067 Post

128 1097 192 1129 hoc
223 1096 287 1140 jam
314 1110 388 1128 cnm
414 1096 512 1128 etiam
538 1095 676 1128 caecitas
700 1096 819 1129 mentis
844 1110 881 1129 ex
906 1096 1060 1141 passione
1084 1110 1247 1129 successe-

127 1158 184 1197 rit,
210 1158 352 1190 inimicis
378 1158 598 1199 virtutib-1⁵⁵)
625 1159 890 1200 suggerentibus,
923 1171 959 1190 ac
984 1159 1247 1203 perurgentibus,

126 1220 267 1264 pecunia
291 1220 356 1264 jam
380 1233 446 1252 non
473 1220 689 1259 desideratur,
712 1221 768 1252 sed
796 1220 932 1265 rapitur,
959 1229 991 1252 et
1009 1220 1051 1260 vi,
1075 1230 1130 1252 aut
1148 1221 1246 1252 etiam

125 1280 291 1323 sanguinis
322 1281 456 1314 humani
486 1281 682 1325 profusione
715 1282 932 1327 conquiritur.
988 1282 1039 1314 Ad
1071 1282 1248 1315 certiorem

128 1343 272 1387 denique
303 1343 350 1375 rei
384 1343 503 1382 fidem,
542 1344 633 1387 quod
662 1344 900 1376 immensitates
931 1344 1009 1376 istae
1042 1344 1197 1377 vitiorum
1231 1359 1248 1377 a

128 1405 348 1438 daemonibus
374 1405 524 1443 veniant,
550 1406 772 1450 contemplari
797 1405 895 1438 etiam
922 1419 959 1439 ex
984 1419 1024 1438 eo
1052 1406 1149 1439 facile
1175 1417 1248 1451 pot-

129 1475 196 1508 est,
227 1466 319 1511 quod
350 1466 433 1498 nihil
465 1467 573 1500 minus
605 1467 671 1507 his,
705 1468 761 1512 qui
793 1468 1015 1512 corporaliter
1046 1478 1202 1501 vexantur
1232 1483 1248 1502 a

129 1528 365 1567 daemonibus,
404 1528 503 1561 etiam
539 1529 590 1561 illi
622 1529 809 1574 patiuntur,
848 1530 905 1574 qui
937 1530 988 1562 vel
1019 1530 1247 1564 immoderatis

130 1589 315 1629 amoribus,
347 1590 398 1621 vel
430 1589 496 1622 irae
521 1590 791 1635 intemperantia,
827 1591 878 1624 vel
902 1591 1072 1624 nimietate
1096 1592 1245 1626 tristitiae

131 1660 357 1695 perurgentur.
393 1652 477 1684 Nam
502 1661 534 1684 et
556 1652 590 1684 in
614 1653 784 1685 nonnullis
808 1653 951 1686 historiis
976 1654 1130 1693 refertur,
1155 1655 1246 1698 quod

131 1712 165 1745 iu
188 1712 345 1745 insaniam
368 1712 503 1757 quidam
529 1726 566 1746 ex
590 1727 703 1747 amore
731 1715 943 1754 deciderunt,
974 1715 1032 1747 alii
1057 1728 1094 1747 ex
1119 1716 1247 1749 iracun-

132 1774 197 1814 dia,
220 1772 372 1807 nonnulli
395 1787 431 1807 ex
455 1775 600 1815 tristitia,
624 1776 677 1808 vel
702 1775 805 1808 nimio
831 1777 968 1818 gaudio:
994 1777 1085 1821 quod
1102 1777 1246 1810 arbitror

134 1849 171 1868 ex
203 1848 242 1868 eo
275 1835 441 1876 accidere,
475 1837 548 1881 quia
563 1837 596 1881 Ε·)
628 1838 815 1870 contrariae
844 1839 924 1871 istae
958 1838 1112 1880 virtutes,
1143 1840 1177 1872 id
1202 1850 1249 1873 est

227 1955 257 1994 ¹)
283 1954 352 1987 Cfr.
376 1954 428 1988 ed.
453 1954 579 1998 Redep.
604 1967 674 1998 pag.
700 1954 775 1988 279.
800 1965 870 1989 not.
898 1955 948 1990 13.

224 2010 257 2052 ²)
283 2010 338 2043 Sic
356 2010 432 2042 Mss.
453 2011 542 2043 Alias
560 2013 605 2054 (v.
625 2024 650 2042 c.
669 2010 701 2042 in
719 2011 792 2044 edd.
808 2011 873 2055 Μ.)
899 2013 1193 2053 ‚‚substiterimus‚“
1207 2015 1242 2046 R.

223 2067 256 2108 3)
282 2066 385 2097 Deest
416 2070 489 2106 „et“
516 2066 548 2098 in
575 2067 652 2100 cdd.
679 2067 725 2099 M.

224 2122 257 2164 Δ)
283 2121 337 2155 Sic
372 2122 448 2155 Mss.
486 2122 521 2154 ln
558 2121 650 2154 libris
680 2122 776 2155 editis
807 2124 853 2167 (v.
885 2138 912 2159 c.
944 2125 1018 2158 edd.
1051 2127 1114 2169 M.)
1158 2128 1245 2158 deest

135 2167 306 2209 „deinde.“
334 2167 375 2202 R,

223 2224 255 2268 5)
281 2224 384 2255 Deest
413 2223 446 2255 in
476 2233 568 2255 antea
601 2223 698 2256 editis
723 2224 767 2269 (v.
794 2239 819 2258 c.
845 2227 918 2260 edd.
945 2227 1027 2270 NL),
1063 2229 1118 2260 sed
1146 2228 1242 2260 habe-

132 2278 184 2301 tur
207 2269 240 2302 in
265 2269 344 2302 Mss.
369 2268 596 2309 „virtutibus.“
623 2270 661 2302 R.
756 2270 790 2313 ⁶)
814 2271 877 2305 Ed.
903 2274 948 2306 M.
978 2273 1014 2305 ΙΙ.
1043 2274 1186 2318 ‚,qu0d.“
