1404 2463
175 90 238 125 108
646 93 819 126 Omcssms

171 179 227 223 qui
252 180 373 212 habere
397 193 496 224 super
520 191 618 226 caput
641 182 789 225 indigent
814 195 1035 229 potestatem;
1066 188 1123 220 alii
1155 189 1292 223 throno-

167 255 240 274 rum
267 241 436 281 ordinem,
462 243 494 275 id
521 253 586 282 est,
611 243 778 288 judicandi
805 246 857 278 vel
881 247 1016 289 regendi
1042 261 1115 289 eos,
1147 251 1204 295 qui
1228 251 1292 285 hoc

167 302 326 345 indigent,
350 304 508 337 habentes
525 305 692 346 officiun1;
716 306 772 338 alii
787 308 1063 350 dominationem,
1082 311 1112 355 ')
1136 311 1205 344 sine
1231 313 1291 345 du-

165 364 223 397 hio
248 378 349 410 super
371 379 500 399 servos:
532 380 615 411 quae
642 368 752 400 omnia
776 369 815 401 iis
839 382 900 412 pro
927 370 1047 403 merito
1074 382 1106 403 et
1128 374 1290 417 prosecti-

164 426 225 459 bus
248 427 325 467 suis,
351 427 470 472 quibus
494 428 527 460 in
543 429 608 461 Dei
633 420 928 474 participationem
950 431 1242 480 imitationemque
1255 436 1288 480 ²)

163 489 393 533 profecerant,
423 502 530 534 aequo
563 490 716 535 justoque
747 491 873 536 judicio
907 492 1017 526 divina
1043 496 1185 528 contulit
1208 510 1288 541 pro-

164 550 318 583 videntia.
373 551 464 595 Hi³)
498 564 594 590 vero,
635 552 690 596 qui
721 554 762 585 de
795 562 881 586 statu
912 555 1040 599 primae
1072 557 1289 592 beatitudinis

256 736 286 779 ¹)
313 734 368 767 Sic
392 734 470 766 Mss.
508 732 596 764 Alias
629 733 674 776 (v.
701 745 727 764 e.
755 732 787 764 in
813 733 887 767 edd.
914 733 978 778 M.)
1012 735 1121 767 male:
1155 737 1285 777 „domi-

159 779 344 813 nationum.
350 783 366 800 α
393 780 430 812 R.

251 836 284 880 ²)
313 837 358 867 lta
373 835 451 867 Mss.
479 834 568 867 Alias
593 834 695 866 male:
720 833 1057 880 immutationemque
1073 837 1282 880 proserw

159 882 201 915 R.
229 902 269 906 —
294 881 383 913 Edd.
408 881 456 913 M
483 879 840 923 „immutationemque
866 882 1088 923 piosecerant.
1095 886 1111 902 ‘⁴

249 937 284 979 3)
310 937 401 969 Haec
425 945 458 968 et
482 948 566 980 quae
595 944 782 978 sequuntur
814 937 1004 968 summatim
1035 938 1138 970 refert
1162 938 1284 970 Hiero-

157 996 275 1028 nymus
301 982 394 1026 epist
420 981 471 1016 94.
498 982 586 1024 (pag.
613 980 704 1021 162)
730 981 769 1012 at]
797 981 931 1013 Avltum
958 982 1007 1014 lns
1031 983 1156 1015 verbls:
1190 983 1280 1026 „Qut

156 1040 236 1060 vero
260 1026 512 1065 fluctuaverint,
553 1035 585 1057 et
613 1026 714 1058 motis
745 1025 886 1069 pedibus
910 1040 1121 1072 nequaquam
1147 1041 1281 1060 corrue-

155 1072 231 1111 rint,
255 1072 474 1118 subjicientur
497 1070 636 1103 omnino
662 1071 874 1115 dispens-‘indi
899 1081 932 1104 et
945 1073 1092 1114 regendi,
1115 1083 1228 1118 atque
1239 1074 1280 1105 ad

154 1117 296 1150 meliora
332 1116 537 1160 gubernandi
568 1116 830 1167 principatibus,
867 1117 1104 1161 potestatibus,
1141 1115 1280 1157 thronis,

155 1163 458 1196 dominationibus.
485 1171 517 1194 et
542 1161 680 1194 forsitan
706 1175 742 1194 ex
767 1162 816 1194 his
840 1162 1013 1194 hominum
1040 1164 1204 1196 constabit
1226 1177 1280 1206 ge·-

154 1221 226 1248 nus,
250 1208 284 1240 in
308 1222 377 1240 uno
403 1208 516 1251 aliquo
543 1220 581 1239 cx
606 1208 750 1246 mundis,
775 1207 931 1251 quando
923 1217 1013 1252 luxta
1031 1209 1173 1241 Jesaiam
1199 1222 1277 1242 coe·

154 1255 224 1286 lum
250 1262 283 1285 et
305 1263 393 1285 terra
416 1265 502 1284 nova
526 1251 617 1284 fient.
666 1251 735 1296 Qui
760 1266 838 1284 vero
864 1265 932 1285 non
948 1253 1072 1286 luerint
1095 1254 1218 1293 meriti,
1241 1264 1278 1287 ut

151 1312 213 1343 per
236 1311 336 1340 genus
360 1298 534 1330 hominum
557 1308 767 1331 reveitantur
786 1298 826 1329 ad
844 1297 1021 1341 pristinum
1037 1308 1172 1341 statum,
1197 1300 1279 1332 fient

152 1344 318 1382 diabotus,
343 1353 376 1375 et
398 1342 507 1383 angeli
518 1341 611 1393 ejus,
637 1353 669 1376 et
692 1342 826 1388 pessimi
847 1344 1046 1377 daemones.-
1071 1357 1107 1377 ac
1131 1358 1194 1389 pro
1221 1358 1276 1377 va-

150 1389 266 1421 rietate
290 1388 488 1420 meritorum
518 1387 550 1419 in
581 1388 717 1430 singulis
746 1387 878 1419 mundis
911 1388 1039 1421 diversa
1072 1390 1184 1422 officia
1206 1403 1277 1422 sor-

150 1434 286 1469 tientur,
335 1435 495 1477 Ipsosque
526 1433 705 1466 daemones
735 1446 771 1465 :tc
802 1442 949 1465 lectores
979 1436 1210 1475 tenebranum,
1242 1436 1274 1467 in

150 1479 262 1523 aliquo
289 1479 426 1516 mundo,
453 1477 503 1508 vel
529 1479 678 1518 mundis
711 1478 737 1510 si
765 1477 931 1510 volumint
962 1479 1003 1510 ad
1028 1480 1169 1512 melium
1195 1493 1274 1512 ‹ron-

151 1524 245 1561 xerti,
268 1525 341 1556 fimi
365 1523 526 1561 homines,
553 1534 584 1555 et
609 1524 653 1556 sic
678 1525 717 1555 ad
743 1533 914 1566 antiquum
929 1523 1037 1556 redire
1049 1525 1272 1569 principium:

148 1571 193 1603 ita
219 1571 392 1607 duntaxat,
424 1577 461 1600 ut
494 1582 554 1612 per
576 1569 740 1613 supplicia
766 1577 864 1612 atque
895 1578 1079 1608 tormenta,
1111 1583 1194 1614 quae
1220 1572 1272 1603 vel

147 1616 267 1654 multo,
293 1615 344 1646 vel
368 1613 463 1646 brevi
491 1623 645 1658 tempore
676 1613 907 1665 sustinueiint‚
939 1613 971 1645 in
1003 1614 1177 1647 homiuum
1197 1629 1272 1648 eru-

148 1661 207 1693 diti
228 1659 438 1703 corpoiibus,
462 1672 591 1691 rursum
617 1659 749 1691 veniant
773 1660 812 1690 ad
838 1660 1032 1700 angelorum
1057 1660 1195 1702 fastigia.
1220 1661 1270 1693 Ex

147 1719 214 1750 quo
254 1712 470 1748 consequenti
507 1705 633 1736 intione
668 1704 861 1741 mensuali,
902 1718 1017 1736 omnes
1052 1706 1269 1739 rationabiles

147 1761 313 1784 creaturas
338 1763 374 1781 ex
400 1747 589 1782 hominibus
613 1749 696 1788 fieri,
720 1763 787 1781 non
805 1749 906 1786 semel
925 1758 955 1781 et
971 1751 1094 1790 subito,
1118 1752 1177 1784 sed
1202 1752 1268 1783 fre-

147 1797 317 1840 quentius·
343 1807 470 1838 nosque
495 1804 528 1827 et
552 1795 685 1835 angelos
709 1796 840 1827 futuros
873 1795 1070 1832 daemones,
1103 1796 1129 1828 si
1163 1796 1267 1838 egeri-

147 1855 220 1873 mus
244 1840 478 1882 negligentius:
510 1849 542 1871 et
572 1854 700 1872 rursum
735 1840 934 1877 daemones,
969 1839 996 1872 si
1021 1840 1190 1874 voluerint
1215 1855 1268 1874 ca-

146 1900 225 1938 pere
249 1886 405 1923 virtutes,
436 1885 609 1928 peivenire
634 1886 674 1917 ad
699 1884 880 1926 angelicam
906 1884 1133 1926 dignitatem.“
1159 1887 1198 1920 B.
1223 1908 1266 1913 —-

146 1931 278 1975 Quibus
303 1930 437 1975 quidem
464 1943 531 1962 non
555 1932 678 1974 absque
705 1929 775 1974 jure
800 1942 969 1973 apponere
991 1930 1089 1963 liceat
1101 1931 1265 1973 fragmen-

143 1987 213 2009 tum
238 1988 402 2018 graecum,
425 1989 458 2007 111
485 1977 535 2007 ed.
560 1975 664 2008 Ruaei
690 1988 866 2013 omissum,
876 1975 929 2006 in
955 1977 1005 2008 ed.
1032 1989 1110 2008 vero
1137 1977 1265 2021 Redep.

144 2022 276 2054 decimo
309 2023 386 2053 loco
418 2020 647 2065 propositum,
680 2022 755 2063 (cfr.
791 2021 842 2052 ed
877 2021 1003 2064 R‹.·.dep
1029 2034 1101 2064 pag.
1129 2022 1157 2055 7.
1184 2024 1263 2056 coll.

143 2077 211 2100 not.
239 2067 289 2100 123.
322 2075 354 2098 et
388 2067 438 2100 15.
464 2076 495 2098 et
521 2079 591 2109 pag
619 2066 691 2100 145.
716 2075 786 2097 not.
811 2065 876 2108 6.),
908 2065 1065 2110 idemque
1097 2080 1133 2099 ex
1167 2067 1263 2111 epist.

142 2111 321 2145 ,Iustiniani
343 2111 382 2143 ad
403 2112 558 2143 Mennam
578 2111 756 2143 Pati-iareb.
781 2110 951 2143 Constant.
970 2111 1096 2155 (Mansi
1117 2113 1260 2160 ampliss.

142 2157 273 2190 collect.
300 2156 482 2188 Concilioi.
513 2157 614 2190 Τοη1.
639 2156 714 2199 lX)
739 2168 810 2200 pag.
831 2154 906 2190 529.
932 2156 1162 2200 depromtum:
1195 2156 1262 2192 Οἶ-

140 2217 204 2248 μαι
233 2204 270 2236 ὑὲ
297 2201 340 2235 01
346 2208 474 2236 νιιοὶαι
509 2201 580 2235 ἀπὸ
614 2204 687 2235 τῶν
720 2200 1022 2254 ὑποτεταγμένων
1044 2207 1117 2240 τοῖς
1135 2207 1262 2247 χείρο-

142 2261 201 2282 σιν
222 2247 349 2300 αὐχιιις
374 2251 433 2281 καὶ
458 2248 634 2285 ἐξουσίαις
658 2249 717 2280 καὶ
741 2245 1041 2303 κοσμοκριὶτορσι,
1067 2249 1146 2281 καῖ’)
1172 2248 1259 2282 ἕκα-

143 2306 247 2329 οῖον
265 2292 404 2337 κόσαυν
439 2306 526 2336 my«
563 2290 647 2331 νόας
681 2291 812 2334 ἐνίους,
850 2291 1168 2336 εὐεργετουμένους
1199 2307 1258 2327 και
