1404 2463
126 109 194 145 504
565 123 611 146 Ex
638 113 816 146 Omfflzms

129 198 276 239 πάντως
305 202 420 246 λέγει,-
454 200 498 236 δί
532 200 628 245 ἡμᾶς
658 201 732 247 γὰρ
764 200 879 249 ἐγράᾳ
892 216 928 246 η,
969 200 1021 236 ὅτι
1048 201 1187 247 ὀᾳείλει
1211 201 1268 236 ἐπ’

130 261 255 296 ἐλπίδι
286 261 304 297 ὀ
337 262 518 310 ἀροτριῶν
550 263 742 310 ἀροτριᾷν,
778 266 839 299 καὶ
873 262 890 299 ὁ
918 263 1042 298 ἀλοῶν
1065 263 1118 298 ἐπ’
1148 264 1271 298 ἐλπίδι

131 325 196 357 τοῦ
232 326 429 370 μετέχειν.«
478 327 553 358 Καὶ
588 328 751 361 πλεῖσται
792 325 833 360 δὲ
869 323 1159 371 περιᾳερὸμεναι
1199 329 1274 364 τοῖς

130 382 313 428 πλήθεσιν
337 384 562 432 ἁρμόζουσαι
586 387 785 433 ἑρμηνεῖαι,
812 389 873 422 καὶ
899 388 1165 432 οἷκοδομοῦσαι
1190 386 1274 426 τοὺς

131 443 369 493 ὑψηλοτέρων
401 447 550 484 ἀκούειν
581 448 632 494 μὴ
670 450 918 493 δυναμένους,
955 446 1021 484 τὸν
1054 447 1166 483 αὐτόν
1198 461 1279 488 πως-

131 507 256 552 ἕχουσι
274 512 501 556 χαρακτῆρα.

223 568 275 604 13.
312 571 546 617 Πνευματικὴ
574 572 613 606 δὲ
639 570 805 617 διήγησις
830 575 878 619 τιιῦ
904 573 1100 617 δυναμένῳ
1118 571 1276 607 ἀποδεῖ-

132 631 210 674 ξαι,
245 634 366 667 ποίων
396 633 628 679 ἐπουρανίων
655 632 900 679 ὑποδείγματι
924 636 985 668 καὶ
1012 635 1096 678 σκιᾷ
1124 635 1159 668 οἱ
1183 632 1275 668 κατὰ

133 688 254 735 σάρκα
273 692 446 729 Ἰουδαῖοι
471 693 687 742 ἐλιέτρευον,
722 698 782 730 καὶ
808 699 919 730 τίνων
942 693 1154 741 μελλόντων
1180 694 1276 740 ἀγα-

132 753 215 787 θῶν
249 752 267 789 ὁ
300 754 416 801 νόμος
446 757 517 802 ἔχει
553 755 672 791 σκιάν.
721 759 794 790 Καὶ
827 755 1052 796 ἁπαξαπλῶς
1084 757 1146 791 ἐπὶ
1177 755 1278 791 πάν-

132 825 216 858 των,
243 815 335 851 κατά
359 817 425 860 τὴν
450 816 698 861 ἀποστολικὴν
723 818 966 862 ἐπαγγελίαν,
999 821 1164 861 ζητητέον
1189 831 1278 853 »σο-

133 877 273 921 φίαν”)
298 878 339 912 ἐν
362 882 561 924 μυστηρίῳ,
587 877 655 921 τὴν
680 878 1024 925 ἀποκεκρυμμένην,
1052 876 1098 923 ἢν
1115 878 1279 925 προώρι-

134 947 199 971 σεν
231 936 251 971 ὁ
281 939 367 979 θεὸς
399 938 470 986 πρὸ
494 941 575 983 Ϊτῶν
608 938 755 975 αἰώνων
779 943 828 979 εἷς
852 939 985 980 δόξανα
1016 942 1089 975 τῶν
1113 941 1279 980 δικαίων,

135 993 182 1040 ἢν
214 998 356 1040 »οὐδεὶς
380 1003 452 1036 τῶν
485 1000 676 1046 ἀρχόντων
701 1004 764 1036 τοῦ
792 1004 925 1041 αἰῶνος
948 1000 1079 1037 τούτου
1103 1002 1276 1047 ἔγνωκε.«

138 1062 238 1103 Φησὶ
262 1062 306 1097 δέ
326 1076 401 1097 που
427 1062 446 1098 ὁ
471 1063 579 1102 αὐτὸς
603 1062 825 1107 ἀπόστολος,
857 1061 1093 1109 χρησάμενός
1117 1074 1188 1097 τισι
1212 1064 1280 1110 ῥη-

135 1124 210 1160 τοῖς
235 1121 309 1159 ἀπό
323 1125 357 1168 2)
382 1127 441 1168 τῆς
462 1124 615 1165 Έξόδου
632 1126 692 1159 καὶ
711 1127 783 1160 τῶν
798 1125 994 1171 Ἀριθμῶν,
1022 1123 1074 1160 ὅτι
1096 1127 1230 1159 »ταῦτα
1242 1124 1278 1169 ³)

135 1187 294 1225 τυπικῶς
325 1189 540 1231 συνέβαινεν
563 1187 730 1226 ἐκείνοις·
766 1185 913 1234 ἐγράφη
939 1187 979 1222 δὲ
1004 1186 1048 1222 δι’
1076 1184 1194 1231 ἡμᾶς’,
1231 1188 1282 1225 εἰς

141 1242 204 1284 οἷς
241 1246 285 1281 τὰ
318 1250 399 1292 τέλη
435 1250 510 1283 τῶν
543 1246 690 1282 αἰώνων
720 1246 951 1292 κατήντηκε.«
999 1250 1074 1283 Καὶ
1108 1245 1282 1293 ἀφορμὰς

136 1306 266 1342 δίδωσι
291 1311 355 1344 τοῦ
380 1314 489 1345 τίνων
506 1310 628 1345 ἐκεῖνα
646 1308 752 1345 τύποι
770 1308 984 1355 ἐτύγχανον,
1010 1312 1146 1354 λέγων·
1175 1311 1281 1344 »ἔπι-

136 1380 203 1403 νον
219 1370 253 1414 ⁴)
283 1369 357 1415 γὰρ
381 1372 421 1406 ἐκ
445 1373 693 1416 πνευματικῆς
717 1370 992 1416 ἀκολουθούσης
1016 1374 1166 1418 πέτρας,
1192 1371 1211 1415 ἡ
1239 1371 1281 1406 δὲ

135 1434 250 1475 πέτρα
279 1425 326 1475 ἦν
359 1431 376 1466 ὁ
408 1432 570 1479 Χριστός.
618 1435 693 1466 Καὶ
725 1432 768 1467 τὰ
799 1435 885 1477 περὶ
914 1435 974 1476 τῆς
1005 1435 1138 1476 σκηνῆς
1167 1433 1208 1468 δὲ
1240 1433 1282 1467 ἐν

135 1492 239 1538 ἑτέρᾳ
264 1493 435 1543 ἐπιστολῇ
459 1493 716 1540 ὑπογράφων,
751 1493 929 1541 ἐχρήσατο
953 1497 1023 1541 τῷ·
1050 1493 1281 1538 >)ποιῆσεις5)

137 1553 258 1588 πάντα
288 1554 378 1590 κατὰ
410 1554 475 1590 τὸν
499 1553 616 1591 τύπον
640 1555 704 1591 τὸν
727 1557 919 1601 δειχθέντα
945 1568 1003 1591 σοι
1027 1556 1068 1590 ἐν
1094 1557 1142 1600 τῷ
1169 1552 1278 1601 goth«

134 1615 240 1650 Ἀλλὰ
273 1615 352 1662 μὴν
382 1618 444 1651 καὶ
476 1617 516 1652 ἐν
547 1620 587 1665 τῇ
622 1615 714 1663 πρὸς
737 1615 902 1655 Γαλάτας
933 1618 1123 1664 ἐπιστολῇ,
1167 1619 1281 1652 οἱονεὶ

138 1678 324 1718 ὀνειδίζων
349 1682 422 1717 τοῖς
443 1677 717 1724 ἀναγινώσκειν
743 1681 932 1724 νομίζουσι
957 1677 1186 1722 τὸννόμον,
1219 1680 1282 1712 καὶ

137 1738 188 1783 μὴ
215 1745 392 1775 συνιεῖσιν
417 1739 548 1784 αὐτὸν,
573 1738 624 1785 μὴ
652 1744 814 1776 συνιέναι
840 1744 976 1786 κρίνων
1001 1741 1172 1784 ἐκείνους,
1199 1738 1281 1774 ὅσοι

140 1800 241 1846 (171)
265 1801 316 1846 μὴ
343 1801 564 1847 ἀλληγορίας
587 1802 628 1836 ἐν
652 1806 727 1841 τοῖς
751 1806 1025 1847 γεγραμμένοις
1049 1798 1143 1837 εἶναι
1169 1805 1280 1847 νομί-

138 1865 254 1901 ζουσι·
297 1864 483 1907 »λέγετέῦ
516 1876 603 1908 μοι,
641 1866 774 1908 φησὶν,
810 1865 844 1898 οἱ
869 1862 942 1898 ὑπὸ
968 1862 1089 1908 νόμον
1112 1866 1282 1902 θέλοντες

232 1963 266 2005 ¹)
293 1963 361 1996 Csr.
388 1964 401 1995 Ι
427 1963 507 1998 Cor.
532 1964 577 2003 II,
602 1963 636 1997 6.
661 1963 691 1997 7.
715 1964 747 1998 8.

231 2019 265 2061 ²)
291 2018 348 2051 Sic
373 2018 455 2052 Mss.
481 2019 594 2052 Tarin.
624 2019 756 2064 (itemq.
784 2020 928 2065 Spenc.)
953 2019 1039 2055 ὑπό.
1064 2021 1104 2053 R.

230 2075 266 2115 ³)
293 2074 364 2108 Csr.
389 2076 404 2107 I
430 2075 510 2108 Cor.
534 2075 579 2117 X,
606 2075 658 2109 11.

230 2128 263 2171 ⁴²)
287 2130 345 2162 Sic
371 2129 452 2163 Mss.
477 2130 591 2163 Tarin.
625 2131 756 2175 (itemqv
784 2131 928 2174 Spenc.)
958 2131 1088 2165 ἔπινον
1119 2132 1157 2171 ἐξ
1186 2131 1282 2166 ἀκο-

139 2173 343 2216 λουθούσης
367 2179 510 2218 πέτρας,
538 2175 557 2217 ἦ
576 2176 616 2209 δὲ
634 2179 745 2219 πέτρα
764 2178 836 2209 κτλ.
853 2176 894 2208 R.
910 2195 950 2200 —
977 2176 1046 2209 Cfr.
1063 2177 1079 2208 1
1093 2176 1175 2212 Cor.
1189 2177 1234 2217 X,
1247 2176 1280 2210 4.

230 2228 264 2273 5)
290 2229 359 2262 Cfr.
383 2230 488 2263 Hebr.
515 2231 606 2270 VIII,
631 2231 662 2264 5.
689 2231 769 2263 coll.
793 2231 905 2264 Exod.
933 2231 1044 2272 XXV,
1067 2231 1122 2266 40.

228 2286 263 2330 ⁵)
289 2286 358 2319 Cfr.
385 2285 459 2319 Gal.
488 2286 542 2326 lV,
568 2286 729 2320 21—24.
