1404 2463
186 75 250 110 126
662 76 838 109 Oumfiws

185 165 345 206 firmarit,
373 164 499 197 nescire
530 177 564 197 se
589 165 662 209 quis
685 165 729 198 sit
754 166 920 200 Christus:
949 166 1123 210 quomodo
1148 165 1219 206 isti,
1251 166 1308 211 qui

184 228 366 261 secundum
391 226 470 260 illos
492 226 680 271 spirituales
703 238 796 263 sunt,
821 228 854 260 in
874 237 1009 272 peccata
1027 227 1219 270 hujusmodi
1237 241 1312 260 cor-

186 299 342 331 rucmnt;
379 288 521 321 maxime
552 302 627 321 cum
661 290 790 322 soleant
813 291 1009 334 frequenter
1031 290 1239 333 asserere‚¹)
1277 299 1311 322 et

187 353 315 392 dicere,
341 350 499 396 quoniam
527 364 616 391 „non
631 351 664 395 2)
689 361 800 396 potest
824 352 924 384 arbor
947 351 1035 383 hona
1059 351 1167 383 malos
1184 351 1311 384 fructus

186 413 346 447 facere?“
384 414 425 446 Et
457 413 483 445 si
514 412 629 457 utique
661 414 805 457 arbor³)
836 414 924 445 bona
957 425 1024 444 non
1049 421 1160 456 potest
1185 412 1311 444 fructus

188 476 294 508 malos
319 476 445 514 facere,
483 475 666 507 secundum
697 475 788 519 ipsos
819 487 898 506 vero
924 475 966 506 de
990 473 1101 506 radice
1127 475 1235 506 bonae
1259 486 1311 506 ar-

186 538 280 570 boris
304 546 396 569 crant
419 536 538 569 Petrus
563 546 595 568 et
619 537 759 576 Paulus,
792 536 964 581 quomodo
990 536 1070 568 istos
1094 536 1221 568 fructus
1243 544 1311 568 tam

187 599 350 645 pessimos
375 596 522 630 attulisse
546 598 686 642 putandi
710 598 809 631 sunt?
834 597 938 641 Quod
961 598 988 629 si
1012 597 1248 641 responderint
1263 609 1313 639 ea,

188 674 272 706 quae
299 659 507 693 comminisci
531 660 657 698 solent,
697 660 854 703 quoniam
878 672 946 691 non
971 658 1094 692 Paulus
1118 668 1313 703 persecutus

189 732 255 762 est,
278 723 336 755 sed
361 721 462 760 alius,
486 721 598 754 nescio
624 721 715 766 quis,
740 721 797 765 qui
822 730 891 753 erat
914 721 947 753 in
973 721 1099 762 Paulo3
1122 734 1233 765 neque
1249 721 1314 754 Pe-

187 795 258 817 trus
282 783 429 826 negavit,
454 784 511 815 sed
525 784 556 827 ⁴)
583 784 664 815 alius
689 783 819 824 negavit
843 782 875 815 in
899 782 1019 814 Petro:
1053 795 1155 826 quare
1179 782 1314 823 Paulus,

189 846 216 879 si
246 845 330 878 nihil
363 854 578 889 peccaverat,
610 844 710 884 dixit,
742 844 818 889 quia
850 856 940 884 „non
955 844 986 887 ⁵)
1011 857 1083 876 sum
1115 843 1233 885 dignus
1257 857 1316 876 vo-

190 907 257 941 cari
281 907 472 952 apostolus,
504 906 660 950 quoniam
687 915 881 950 persecutus
905 919 977 938 sum
1002 905 1175 938 ecclesiam
1200 904 1315 938 Dei?«

192 970 261 1002 Cur
285 977 394 1001 autem
421 977 452 999 et
467 968 586 1000 Petrus
610 966 676 999 alio
701 976 861 1011 peccante
885 967 956 1011 ipse
980 967 1071 999 flevit
1094 967 1318 1000 amarissime?

189 1031 240 1063 Ex
264 1043 330 1075 quo
357 1042 471 1061 ornnes
496 1029 632 1074 quidem
656 1028 792 1060 illorum
817 1029 961 1072 ineptiae
986 1038 1174 1070 arguentur.

280 1091 311 1127 3.
359 1092 551 1124 Secundum
563 1090 596 1135 6)
621 1102 680 1122 nos
706 1102 785 1122 vero
816 1089 899 1121 nihil
925 1098 974 1121 est
997 1089 1031 1121 in
1057 1089 1149 1121 omni
1173 1089 1317 1122 rationa-

191 1153 253 1186 bili
278 1163 443 1192 creatura,
480 1153 571 1197 quod
605 1164 674 1185 non
704 1160 770 1183 tam
802 1150 883 1183 boni
908 1164 1006 1195 quarn
1032 1152 1112 1183 mali
1136 1150 1178 1183 sit
1203 1164 1315 1195 capax.

190 1216 259 1249 Sed
283 1228 351 1247 non
376 1213 554 1252 continuo,
589 1212 665 1257 quia
691 1212 876 1256 dicimu57)
903 1213 1028 1245 nullam
1055 1226 1124 1245 esse
1149 1222 1315 1251 naturam.

192 1289 275 1321 quae
310 1289 380 1308 non
412 1274 517 1320 possit
550 1275 700 1318 recipere
736 1275 880 1315 malum,
916 1274 1044 1307 idcirco
1081 1275 1317 1307 confirmamus

193 1350 327 1370 omnem
352 1347 501 1369 naturam
527 1335 691 1380 recepisse
716 1336 858 1374 malum,
883 1335 917 1368 id
943 1345 990 1368 est
1007 1335 1126 1368 malam
1144 1336 1317 1371 effectam:

192 1399 279 1431 sicut
291 1400 324 1443 8)
351 1408 399 1430 est
425 1398 554 1437 dicere,
579 1398 670 1441 quod
696 1397 804 1429 omnis
828 1397 971 1429 hominis
995 1407 1111 1430 natura
1127 1397 1257 1441 recipit,
1280 1406 1318 1429 ut

191 1460 299 1505 possit
327 1459 497 1501 navigare,
532 1471 600 1490 non
629 1468 740 1490 tamen
772 1472 810 1490 ex
822 1458 854 1502 ⁹)
887 1472 926 1490 eo
960 1460 1058 1491 etiarn
1083 1458 1191 1490 omnis
1213 1457 1318 1490 homo

193 1521 380 1564 navigabit;
425 1529 459 1552 et
498 1520 618 1553 iterum
657 1520 748 1552 omni
783 1519 912 1552 homini
946 1521 1034 1565 (75)
1072 1519 1234 1564 possibile
1271 1529 1319 1552 est

290 1689 322 1730 ¹)
346 1688 436 1720 Libri
461 1688 541 1720 editi
566 1688 613 1731 (v.
639 1700 666 1720 c.
692 1687 767 1719 edd.
792 1686 856 1731 M.)
885 1686 1098 1728 „disserere.«
1124 1687 1165 1720 R.

285 1744 319 1787 2)
346 1744 466 1777 Matth.
491 1744 565 1782 VH,
591 1742 642 1777 18.

287 1801 320 1844 ³)
345 1800 450 1832 Deest
475 1800 614 1840 „arbom
640 1799 674 1831 in
700 1799 750 1831 ed.
775 1799 824 1831 M.
851 1799 875 1831 Ῑ.

289 1856 321 1900 ⁴)
346 1856 477 1887 Desunt
509 1855 541 1886 in
573 1865 666 1886 antea
703 1853 816 1892 editis,
853 1854 1016 1885 habentur
1045 1863 1155 1885 autem
1180 1853 1214 1886 in
1239 1853 1319 1886 Mss.

195 1902 328 1946 (itemq.
356 1901 387 1932 in
414 1900 489 1933 edd.
514 1900 579 1943 Μ.)
604 1901 721 1932 verba:
748 1899 826 1940 „sed
850 1899 933 1931 alius
957 1898 1118 1940 negavit.«
1146 1899 1184 1932 R.

288 1958 321 2000 ⁵)
346 1957 360 1988 1
387 1956 463 1989 cor.
488 1956 564 1994 XV,
587 1956 619 1989 9.

288 2013 321 2056 6)
348 2012 418 2044 Cfr.
444 2011 590 2055 Apolog.
616 2011 753 2055 Pamph.
779 2009 887 2054 (Opp.
912 2009 1003 2051 Orig.
1030 2009 1081 2041 ed.
1097 2008 1202 2041 Runei
1219 2009 1318 2041 Tom.

196 2058 253 2091 IV.
274 2056 443 2101 Append.)
454 2069 526 2100 pag.
545 2056 597 2090 26.
624 2056 700 2088 coll.
717 2057 768 2088 ed.
784 2065 886 2087 nostr.
903 2055 1002 2088 Tom.
1016 2054 1144 2087 XXIV.
1162 2053 1319 2098 pag.336.

287 2112 321 2156 ⁷)
347 2113 402 2145 Sic
427 2112 506 2146 Mss.
530 2112 621 2144 Libri
647 2112 727 2144 editi
752 2112 798 2156 (V.
824 2125 851 2144 c.
878 2111 952 2144 edd.
970 2111 1036 2155 M.)
1063 2109 1256 2142 »diximus«
1277 2109 1318 2142 R.

288 2170 322 2212 8)
346 2168 432 2201 Edd.
458 2168 504 2200 M.
531 2168 608 2199 »sed
633 2167 717 2200 sicut
740 2176 807 2200 est«
836 2176 898 2200 etc.

289 2225 323 2268 ⁹)
350 2224 440 2256 Libri
466 2223 545 2255 editi
571 2227 615 2267 (v.
641 2238 666 2256 c.
693 2224 768 2256 edd.
793 2223 858 2267 M.)
888 2236 945 2255 »ex
971 2235 1011 2254 eo
1037 2230 1070 2254 et
1094 2220 1202 2254 omnis
1226 2220 1319 2254 navi-

199 2270 306 2312 gabit:
332 2279 363 2301 et
388 2269 528 2301 iterum⁶⁴
550 2278 612 2302 etc.
638 2269 714 2301 Mss.
739 2277 773 2300 nt
798 2268 831 2300 in
854 2277 970 2300 nostro
993 2276 1096 2300 textu.
1120 2267 1160 2300 R.
