1404 2463
397 105 443 128 DE
469 95 662 129 anctrns
688 95 797 127 Lmen
822 95 863 129 11.
1132 95 1198 130 253

79 183 302 224 continentur,
322 184 460 217 ‘venient
484 183 581 216 etiam
606 184 647 215 ad
674 196 721 223 ea,
746 196 830 228 quae
854 196 921 216 non
945 184 1109 224 videntur,
1145 186 1199 217 vel

79 245 121 277 ad
146 258 202 284 ea,
228 259 371 290 quorum
396 247 465 279 sola
489 245 625 278 nomina
649 258 737 278 nunc
761 246 966 286 audivimus,
992 255 1024 278 et
1048 247 1088 278 ad
1114 246 1199 279 invi-

79 306 204 340 sibilia:
244 320 328 351 quae
365 308 470 340 multa
510 306 645 352 quidem
683 319 751 339 esse
782 307 905 340 Paulus
935 308 1108 351 apostolus
1140 309 1200 341 do·-

81 367 159 408 cuit,
175 369 206 413 ¹)
231 381 314 413 quae
346 378 454 400 autem
480 368 561 406 sint,
597 367 648 399 vel
674 381 771 412 quam
796 368 938 401 habeant
963 368 1200 409 differentiam,

79 442 121 461 ne
147 430 265 471 exiguo
290 430 425 473 quidem
450 429 563 473 aliquo
589 428 763 461 intellectu
782 429 995 474 conjicere2)
1011 443 1200 474 possumus.

81 492 168 535 Et3)
194 491 237 523 ita
262 504 409 523 crescens
434 504 494 535 per
510 490 637 532 singula
654 489 863 523 rationabilis
880 500 1007 530 natura,
1032 504 1100 523 non
1117 493 1201 524 sicut

81 553 116 585 in
140 565 246 592 carne,
271 552 323 584 vel
349 564 502 596 corpore,
527 561 562 584 et
586 551 694 583 anima
718 551 751 583 in
776 552 835 583 hac
861 552 961 596 (107)
986 552 1051 584 vita
1077 566 1202 585 cresce-

80 615 153 653 bat,
189 614 247 647 sed
270 622 381 645 mente
409 626 447 645 ac
477 626 573 646 sensu
603 623 716 653 aucta,
756 613 796 645 ad
822 614 1004 657 perfectam
1029 614 1201 647 scientiam

81 689 174 707 mens
198 674 263 719 jam
286 675 434 719 perfecta
459 674 671 718 perducitur,
701 687 909 719 nequaquam
935 674 1000 720 jam
1025 676 1110 708 ultr-‘t
1134 676 1202 709 istis

80 736 262 769 carnalibus
294 736 442 769 sensibus
473 736 652 780 impedita,
689 737 746 768 sed
785 736 1065 770 intellectualibus
1096 738 1203 770 incre-

79 797 198 830 mentis
222 807 328 837 aucta,
359 811 492 843 semper
515 799 556 830 ad
582 812 713 842 purum,
738 808 781 839 et,
806 808 843 830 ut
866 800 911 831 ita
935 798 1086 838 dixerim,
1117 799 1201 831 facie

81 860 122 892 ad
147 859 265 892 faciem
291 872 401 892 rerum
428 873 538 892 causas
564 859 755 904 inspiciens,
780 859 954 904 potitur-⁴)
979 861 1203 904 perfectione,

80 921 190 965 primo
220 921 297 962 illa,
330 934 393 966 qua
418 920 451 953 in
477 921 511 953 id
534 921 723 960 adscendit,
753 922 900 954 secundo
932 934 996 966 qua
1019 932 1204 965 permanet,

81 982 190 1023 cibos,
214 982 333 1027 quibus
358 992 525 1022 vescatur,
550 983 671 1014 habens
696 983 920 1022 theoremata,
954 993 986 1015 et
1010 983 1203 1016 intellectus

81 1057 212 1083 rerum,
247 1043 460 1089 rationesque
495 1057 677 1077 causarum.
731 1044 826 1077 Sicut
857 1044 946 1076 enim
979 1044 1012 1076 in
1049 1045 1107 1077 hac
1141 1045 1204 1077 vita

81 1118 223 1150 corpora
246 1114 358 1138 nostra
387 1106 497 1151 primo
523 1106 556 1138 in
582 1107 646 1138 hoc
669 1106 797 1150 ipsum,
829 1107 919 1150 quod
944 1119 1056 1138 sumus
1083 1120 1204 1151 corpo-

82 1167 198 1200 raliter
228 1168 434 1211 crescunt,⁵)
467 1168 499 1199 in
538 1167 645 1212 prima
681 1177 787 1209 aetate
822 1168 973 1200 ciborum
1005 1168 1203 1200 sufficientia

82 1229 181 1261 nobis
217 1228 461 1261 incrementum
501 1238 704 1272 praestante3
744 1239 861 1273 postea
892 1243 970 1261 vero
1003 1243 1101 1274 quam
1136 1244 1206 1261 crc-

83 1290 198 1323 scendi
222 1291 262 1323 ad
286 1302 474 1323 mensuram
499 1291 549 1323 sui
572 1291 675 1323 fuerit
700 1292 830 1335 expleta
854 1293 1053 1334 proceritas,
1079 1292 1207 1323 utimur

84 1352 164 1384 cibis
187 1351 251 1397 jam
276 1364 344 1384 non
368 1361 405 1384 ut
429 1365 623 1392 crescamus,
646 1353 703 1384 sed
729 1362 765 1384 ut
790 1352 948 1390 vivamus,
974 1362 1005 1384 et
1031 1366 1205 1384 conserve-

83 1427 158 1446 mur
181 1413 213 1446 in
238 1413 304 1446 vita
328 1427 388 1458 per
413 1427 518 1446 escas:
545 1413 587 1446 ita
612 1414 757 1446 arbitror
780 1424 812 1446 et
832 1423 977 1446 mentem
996 1415 1105 1452 etiam,
1132 1427 1206 1446 cum

86 1475 212 1508 venerit
235 1477 276 1508 ad
301 1477 500 1520 perfectum,
525 1475 611 1507 vesci
636 1485 745 1508 tamen
772 1486 804 1509 et
827 1476 875 1508 uti
894 1476 1041 1520 propriis
1067 1485 1096 1508 et
1117 1489 1208 1508 com-

84 1538 275 1581 petentibus
300 1538 382 1571 cibis
406 1538 439 1570 in
464 1551 500 1571 ea
525 1551 697 1577 mensura,
730 1539 781 1570 cui
810 1552 918 1582 neque
943 1539 1055 1570 deesse
1080 1538 1206 1581 aliquid

186 1689 218 1731 ¹)
244 1688 312 1722 Cfr.
337 1689 458 1733 Ephes.
483 1691 507 1730 Ι,
531 1689 585 1723 ‘20-
609 1689 663 1723 21.

180 1743 215 1787 ²)
239 1744 301 1777 Ed.
325 1745 374 1778 M.
400 1746 422 1777 l.
451 1744 702 1785 „convincere“

181 1799 215 1844 ³)
238 1799 381 1831 Exhibet
405 1800 484 1832 haec
508 1802 607 1833 veiha
631 1814 723 1844 seqq.
740 1800 997 1846 Hieronymus
988 1813 1021 1832 m
1047 1799 1143 1844 epist.
1167 1799 1209 1831 ad

91 1844 180 1878 Avit.
211 1857 283 1888 pag.
308 1844 382 1878 764.
414 1846 502 1878 hune
538 1846 571 1877 in
606 1847 765 1878 modum:
807 1845 981 1890 „Cumque
1018 1845 1050 1877 in
1081 1853 1208 1876 tautum

90 1889 351 1941 profecerimus,
384 1899 418 1921 ut
449 1903 655 1942 mquaquam
689 1904 800 1922 taines
824 1900 855 1922 et
881 1903 1039 1935 corpora,
1070 1889 1209 1921 forsitan

90 1948 132 1967 nc
156 1934 284 1967 animae
309 1935 442 1978 quidem
469 1935 646 1975 fuerimus,
677 1937 735 1968 sed
759 1949 850 1968 mens
876 1946 908 1968 et
933 1949 1044 1968 sensus
1068 1936 1108 1966 ad
1134 1947 1210 1979 per-

90 1981 215 2012 fectum
241 1980 392 2019 veniens,
415 1980 577 2025 nulloque
601 1981 890 2025 perturbationum
915 1981 1032 2013 nubilo
1059 1980 1211 2021 caligans

91 2024 278 2057 intuebitur
302 2026 380 2068 (1111
376 2038 467 2064 neus,
498 2026 597 2060 Huet.
623 2027 726 2066 duce,
758 2026 789 2058 in
821 2027 926 2059 notis.
964 2027 1068 2058 Forte
1101 2026 1211 2066 legen-

93 2071 192 2102 dum.
229 2071 452 2112 inluebzmur)
482 2071 697 2103 rationabiles
735 2071 1029 2115 intelligibilesque
1063 2072 1213 2102 substan-

91 2115 152 2147 tias
183 2115 265 2147 facie
302 2116 342 2147 ad
377 2116 527 2149 faciem.“
561 2117 600 2149 R.
632 2136 672 2141 —
714 2117 784 2150 Csr.
819 2117 873 2148 lib.
904 2117 944 2149 ll.
980 2116 1212 2157 Origenianor.

93 2170 217 2204 quaest.
241 2160 298 2194 ΧΙ.
323 2174 412 2194 num.
439 2161 489 2194 14.
516 2161 594 2193 coll.
621 2161 671 2195 15.

184 2216 218 2259 ⁴)
245 2215 330 2248 Edd.
357 2209 680 2262 M.*‚.,p‹›ti1urque.“

184 2273 216 2315 ⁵)
241 2272 302 2305 Ed.
329 2273 374 2305 M.
403 2274 426 2306 l.
455 2274 684 2314 ‚,c1-esci¹nus.“
