1404 2463
221 111 286 146 102
695 112 869 145 ORIGEMS

225 210 293 232 erat
316 200 460 243 Lucifer,
487 210 518 233 et
543 202 599 245 qui
623 213 718 233 mane
745 201 923 233 oriebatur.
973 199 1008 231 Si
1042 200 1145 238 enim,
1177 201 1260 244 ιη’)
1282 214 1346 245 pu-

225 272 294 294 tant
317 262 430 307 aliqui,
455 272 569 294 natura
593 263 804 294 tenebrarum
830 271 909 302 erat,
945 261 1120 306 quomodo
1147 270 1221 293 ante
1246 262 1346 295 fuisse

224 323 360 356 Lucifer
383 323 529 356 dicitur?
552 323 613 355 Vel
639 323 812 367 quomodo
837 332 970 367 poterat
989 322 1068 355 oriri
1087 335 1193 362 mane,
1218 323 1274 367 qui
1298 324 1348 356 ni-

225 385 271 417 hil
296 385 329 418 in
360 398 394 418 se
430 385 571 417 habebat
604 397 641 417 ex
667 384 764 417 luce?
799 384 866 417 Sed
900 394 932 416 et
963 385 1118 418 Salvator
1146 385 1247 417 docet
1278 398 1349 424 nos,

227 447 268 480 de
292 446 430 479 diabolo
457 446 585 478 dicens:
631 446 737 478 »Ecce
750 445 784 490 ²)
819 445 917 477 video
943 446 1098 479 Satanam
1124 447 1348 480 cecidisse-de

227 508 323 541 coelo
356 508 439 540 sicut
472 507 614 550 fulgur.«
670 508 738 539 Lux
771 506 860 538 enim
893 518 962 540 erat
985 507 1176 552 aliquando.
1223 509 1291 541 Sed
1317 518 1350 540 et
1371 541 1377 545 ,

225 570 391 602 Dominus
414 579 546 609 noster,
577 568 634 613 qui
659 568 777 601 veritas
804 578 868 608 est,
901 569 1039 610 gloriosi
1071 569 1230 602 adventus
1253 570 1349 613 sui³)

226 633 411 675 potentiam
439 629 657 663 nihilominus
689 631 813 672 fulguri
838 631 1062 674 comparavit,
1098 631 1227 664 dicens:
1257 632 1350 665 »Sic-

227 702 264 725 ut
276 693 310 736 ἰ)
336 693 422 724 enim
448 692 559 733 fulgur
589 704 610 723 a
639 704 770 724 summo
802 692 899 724 coelo
932 692 1037 734 fulget
1067 706 1172 737 usque
1196 694 1237 726 ad
1263 707 1352 726 sum-

226 767 317 786 mum
343 753 430 797 ejus,
460 753 504 785 ita
537 753 598 785 erit
632 753 792 785 adventus
825 753 904 786 Filii
936 753 1111 786 hominis«
1160 754 1205 786 Et
1228 755 1351 788 nihilo-

225 816 334 848 minus
358 815 444 847 hunc
468 815 592 856 fulguri
619 824 807 859 comparat,
841 825 872 847 et
904 815 984 847 dicit
1016 828 1090 847 euin
1126 816 1282 849 cecidisse
1308 819 1349 850 de

227 877 342 909 coelo:
368 886 404 908 ut
429 876 629 909 ostenderet
650 889 712 921 per
736 875 817 915 hoc,
847 876 948 909 fuisse
979 886 1012 909 et
1036 876 1145 921 ipsum
1170 878 1348 923 aliquando

225 937 258 969 in
284 938 394 977 coelo,
419 947 451 970 et
474 938 626 971 habuisse
652 938 764 982 locum
788 937 876 970 inter
898 948 1044 978 sanctos,
1081 948 1113 971 et
1136 939 1350 984 participasse

227 999 268 1030 de
293 1000 353 1031 hac
378 999 462 1038 luce,
488 1001 529 1032 de
554 1013 618 1044 qua
644 1012 759 1032 omnes
783 999 886 1031 sancti
908 999 1119 1043 participant,
1143 1014 1179 1032 ex
1205 1014 1268 1045 qua
1293 1014 1348 1033 an-

225 1061 290 1102 geli
314 1061 396 1093 lucis
421 1061 630 1101 efficiuntur,
670 1070 703 1093 et
726 1061 872 1105 apostoli
905 1061 1006 1104 lux⁵)
1045 1062 1163 1094 mundi
1194 1062 1351 1096 dicuntur

226 1135 242 1154 a
267 1122 428 1155 Domino.
483 1123 558 1155 Hoc
590 1135 667 1165 ergo
700 1123 804 1155 modo
837 1132 906 1154 erat
938 1123 1083 1166 etiam⁶)
1113 1123 1175 1156 iste
1206 1124 1259 1156 lux
1290 1125 1351 1157 ali-

227 1185 372 1228 quando,
396 1193 572 1229 antequam
597 1187 881 1228 praevaricaretur
912 1194 944 1216 et
977 1185 1109 1216 caderet
1131 1185 1164 1217 in
1189 1185 1275 1218 hunc
1299 1186 1351 1218 lo—

228 1258 313 1285 cum,
339 1255 370 1278 et
391 1245 497 1288 gloria
521 1246 589 1290 ejus
615 1255 866 1278 converteretur
897 1246 930 1278 in
961 1246 1153 1290 pulverem,
1184 1248 1275 1291 quod
1301 1258 1349 1280 est

225 1307 361 1351 proprie
384 1307 578 1351 impiorum,
601 1307 685 1339 sicut
711 1316 742 1338 et
758 1307 922 1351 propheta
940 1307 1032 1346 dicit,
1057 1320 1094 1339 ex
1117 1321 1183 1352 quo
1203 1318 1235 1341 et
1258 1309 1350 1353 prin-

227 1381 304 1412 ceps
329 1367 423 1413 hujus
449 1368 577 1408 mundi,
601 1368 636 1400 id
661 1377 709 1400 est
734 1377 882 1400 terrenae
907 1368 1136 1408 habitationis,
1161 1370 1348 1414 appellatus

227 1438 291 1461 est:
327 1430 552 1474 principatum
582 1442 724 1473 namque
757 1429 823 1471 egit
853 1431 885 1461 in
919 1442 992 1469 eos,
1025 1430 1082 1474 qui
1107 1430 1177 1475 ejus
1201 1431 1349 1465 malitiae

226 1492 376 1524 obsecuti
398 1501 490 1531 sunt,
524 1491 726 1536 quoniam⁷)
752 1491 887 1535 quidem
914 1500 1024 1523 »totus
1037 1491 1070 1535 ⁸)
1095 1491 1148 1524 hic
1171 1493 1346 1533 mundus,‹-

227 1573 267 1578 —
292 1554 455 1586 mundum
485 1563 596 1585 autem
628 1566 715 1585 nunc
746 1562 914 1585 terrenum
940 1552 1039 1585 istum
1063 1553 1199 1597 appello
1224 1554 1348 1594 locum,

227 1635 269 1641 --
296 1616 349 1647 »in
373 1615 517 1657 maligno
540 1615 668 1659 positus
694 1625 783 1653 est,«
818 1625 850 1646 et
883 1615 915 1646 in
948 1615 1011 1646 hoc
1035 1624 1195 1659 apostata.
1243 1615 1346 1659 Quod

228 1685 337 1708 autem
361 1686 511 1721 apostata
534 1677 574 1709 sit
598 1678 675 1715 iste,
706 1676 740 1707 id
766 1685 814 1708 est
837 1676 966 1717 refuga,
999 1677 1099 1708 etiam
1123 1676 1289 1710 Dominus
1314 1679 1345 1710 in

323 1822 354 1865 ¹)
378 1821 470 1853 Libri
495 1820 575 1853 editi
600 1821 646 1863 (ν.
674 1834 702 1854 e.
730 1821 804 1854 edd.
830 1822 896 1865 M.)
924 1832 981 1853 »ut
1006 1831 1131 1864 putant,
1157 1820 1265 1866 aliqua
1292 1835 1346 1854 na-

227 1875 317 1898 tura«
347 1876 408 1899 etc.
456 1868 498 1898 At
521 1866 600 1899 Mss.
626 1876 663 1898 ut
686 1866 719 1898 in
743 1876 857 1898 nostro
885 1876 983 1899 textu.
1008 1867 1039 1899 R

317 1922 351 1965 ²)
374 1922 452 1954 Luc.
479 1922 520 1961 X,
547 1922 598 1956 18.

318 1978 352 2020 ³)
377 1978 479 2010 Deest
509 1978 541 2010 in
576 1989 668 2011 antea
702 1978 797 2010 editis
828 1978 873 2020 (v.
899 1992 924 2010 c.
951 1978 1025 2010 edd.
1053 1978 1135 2022 M),
1160 1979 1216 2010 sed
1245 1988 1345 2011 exstat

227 2021 259 2053 in
288 2022 365 2056 RIss.
394 2023 490 2054 »suh«
518 2024 560 2058 R.
658 2024 690 2066 4)
717 2024 833 2055 Manli.
860 2023 986 2062 XXIV,
1009 2023 1062 2057 27.

319 2079 350 2121 ⁵)
375 2078 477 2110 Deest
508 2079 540 2110 in
572 2089 666 2112 antea
691 2079 788 2111 editis
819 2080 866 2122 (v.
893 2093 919 2114 c.
946 2080 1019 2111 edd.
1045 2079 1128 2122 M),
1165 2079 1222 2110 sed
1247 2079 1344 2110 liabe-

227 2132 279 2155 tur
302 2122 336 2154 in
360 2123 437 2155 Mss.
467 2123 570 2155 »lux.«
599 2126 636 2158 R.

318 2180 349 2222 ὗ)
376 2179 478 2211 Deest
505 2180 642 2212 »etiam«
675 2181 708 2213 in
735 2181 809 2212 edd.
838 2179 884 2213 Μ.

320 2236 351 2278 ⁷)
380 2235 434 2268 Sic
460 2234 540 2269 Mss.
571 2236 658 2268 Alias
685 2238 729 2279 (v.
759 2250 782 2268 c.
810 2236 841 2268 in
869 2238 941 2268 cdd.
971 2235 1032 2279 Μ)
1062 2236 1284 2279 ιιῳιοηιοάο.ιι
1307 2235 1343 2267 Β,

270 2308 277 2314 <
318 2293 350 2333 '⁴)
378 2292 389 2323 l
415 2292 534 2323 Joann.
561 2292 599 2330 V,
628 2292 676 2325 19.
