1404 2463
443 127 488 150 DE
513 117 709 150 Pamcwns
733 117 845 149 Lmen
872 116 895 148 1.
1195 117 1238 151 35

102 206 223 248 degere
249 219 370 252 corpus
395 206 594 244 humanum,
627 214 660 237 et
692 213 872 249 propterea
897 204 990 237 velut
1017 207 1158 250 quadam
1184 207 1234 239 sui

101 267 337 313 inaequalitate
367 277 478 301 motus
507 265 674 310 menfis')
715 265 942 310 incomposite
974 265 1232 312 inordinateque.

99 329 288 374 suscipere,
318 338 352 362 et
374 327 536 362 acuminis
561 326 631 372 ejus
655 325 739 360 ictus
764 327 931 360 obtusiori
955 326 1142 361 ministerio
1167 330 1233 361 dis-

105 403 257 434 pensare,
290 403 358 423 non
387 388 498 422 minus
531 401 630 433 quam
662 388 688 421 si
723 388 780 433 qui
809 388 909 421 etiam
943 388 978 421 in
1012 398 1099 421 terra
1129 390 1233 434 positi

103 451 254 484 febribus
284 460 478 493 urgeantur:
509 463 654 494 quorum
687 459 815 483 certum
855 459 905 483 est
944 450 1037 495 quod
1070 450 1097 483 si
1122 450 1231 484 minus

102 512 231 557 aliquid
254 525 315 557 per
339 513 407 544 vim
431 511 577 545 febrium
601 524 694 543 mens
719 525 815 544 suum
839 525 908 544 non
932 521 1041 544 servet
1067 512 1231 553 officium,

100 586 169 606 non
193 573 262 606 loci
286 573 431 617 culpam,
456 574 513 616 sed
532 573 689 605 morbum
714 572 868 617 corporis
885 586 955 606 esse
967 574 1181 614 causandum,
1197 575 1232 618 2)

99 647 161 680 per
191 647 291 679 quem
326 636 498 677 turbatum
530 648 652 679 corpus
683 643 782 678 atquc
814 635 991 667 confusum
1021 647 1231 680 nequaquam

101 695 189 728 notis
212 708 250 728 ac
280 696 487 730 naturalibus
518 696 614 729 lineis
645 695 746 729 solita
776 695 884 728 menti
917 696 1079 741 dependit
1109 698 1232 738 officia,

101 757 375 802 quandoquidem
411 771 474 791 nos
511 759 665 791 homines
700 756 827 791 animal
857 770 971 791 sumus
1002 759 1231 803 compositum

100 831 138 850 ex
162 818 316 862 corporis
339 819 535 865 animaeque
561 832 736 853 concursu.
792 819 869 852 Hoc
893 819 982 852 enim
1006 821 1112 853 modo
1138 820 1232 854 habi-

98 888 168 912 tare
191 893 254 912 nos
284 893 386 925 super
413 890 539 913 terram
568 880 731 925 possibile
762 879 836 913 fuit.
889 881 1003 913 Deum
1033 894 1133 923 vero,
1173 882 1231 927 qui

99 941 250 974 omnium
275 951 324 975 est
347 942 565 987 principium,
591 941 820 987 compositum
846 955 915 975 esse
939 955 1008 975 non
1040 952 1088 975 est
1112 952 1232 988 putan-

99 1003 199 1036 dum:
222 1016 264 1036 ne
288 1004 377 1036 forte
401 1004 516 1048 priora
540 1004 614 1049 ipso
640 1002 809 1048 principio
836 1003 1047 1037 inveniantur
1064 1005 1231 1038 elementa

99 1077 180 1105 esse,
204 1077 242 1098 ex
268 1065 388 1110 quibus
412 1066 640 1110 compositum
665 1074 714 1097 est
738 1077 857 1108 omne,
882 1065 1048 1110 quidquid
1071 1066 1159 1100 illud
1184 1077 1233 1100 est

98 1127 190 1171 quod
222 1126 449 1172 compositum
482 1127 613 1160 dicitur.
661 1126 730 1160 Sed
762 1139 824 1159 nec
855 1127 1084 1169 magnitudine
1109 1141 1231 1173 corpo·

99 1187 162 1219 rali
186 1200 279 1220 mens
312 1187 456 1230 indiget,
487 1198 525 1221 ut
554 1197 627 1231 agat
657 1187 803 1232 aliquid,
835 1188 888 1221 vel
918 1198 1112 1222 moveatur:
1145 1190 1231 1223 sicut

101 1249 220 1282 oculus
245 1262 319 1282 cum
345 1249 378 1282 in
403 1249 530 1295 majora
554 1250 690 1295 quidem
709 1262 853 1294 corpora
866 1250 900 1294 ³)
925 1250 1089 1283 intuendo
1104 1251 1232 1284 diffun-

101 1310 207 1350 ditur,
235 1311 278 1343 ad
307 1323 408 1355 parva
441 1325 521 1343 vero
552 1321 585 1344 et
609 1311 725 1354 exigua
750 1320 938 1344 coarctatur
962 1321 994 1344 et
1017 1313 1233 1355 adstringitur

99 1372 141 1404 ad
172 1371 365 1406 videndum.
420 1373 552 1415 Indiget
580 1385 657 1406 sane
687 1385 781 1406 mens
812 1373 1040 1415 magnitudine
1073 1374 1232 1417 intelligi-

99 1432 178 1475 bili,
217 1433 295 1479 quia
325 1446 393 1466 non
427 1434 669 1479 corporaliter,
708 1435 768 1468 sed
804 1434 1066 1476 intelligibiliter
1102 1437 1231 1472 crescit.

98 1496 176 1529 Non
207 1494 297 1528 enim
329 1495 564 1540 corporalibus
600 1492 814 1530 incrementis
846 1495 948 1529 simul
979 1511 1056 1530 cum
1087 1511 1233 1543 corpore

99 1570 194 1590 mens
216 1569 321 1602 usque
345 1557 386 1589 ad
411 1557 628 1600 vigesimum,
660 1559 713 1591 vel
737 1557 944 1600 trigesimum
969 1572 1093 1592 aunum
1117 1560 1232 1593 aetatis

99 1628 254 1660 augetur,
289 1619 348 1651 sed
379 1619 625 1652 eruditionibus
657 1621 735 1664 et⁴)
767 1619 933 1652 exercitiis
965 1620 1042 1665 (52)
1074 1620 1233 1655 adhibitis

100 1692 239 1712 acumen
265 1679 401 1724 quidem
426 1680 582 1714 elimatur
605 1681 788 1726 ingenii,⁵)
811 1694 963 1726 quaeque
982 1691 1059 1714 sunt
1083 1681 1115 1714 ei
1138 1682 1233 1715 insita

100 1741 142 1773 ad
164 1740 418 1784 intelligentiam
442 1751 691 1786 provocantur,
724 1752 756 1775 et
789 1755 889 1787 capax
923 1742 1068 1775 efficitur
1097 1742 1234 1788 majoris

198 1853 228 1896 ¹)
252 1853 358 1886 Deest
393 1854 556 1896 „mentis“
596 1854 632 1887 in
668 1864 763 1888 antea
799 1855 897 1888 editis
929 1855 976 1900 (v.
1002 1868 1030 1889 c.
1055 1855 1131 1889 edd.
1157 1854 1235 1898 M.),

104 1897 163 1930 sed
187 1898 354 1942 reperitur
378 1900 411 1931 in
437 1899 594 1934 omnibus
618 1901 699 1933 Mss.
727 1900 768 1934 R.

197 1954 231 1995 ²)
255 1953 313 1986 Sic
338 1966 453 1987 omnes
478 1955 560 1989 Mss.
582 1956 675 1988 Alias
699 1957 746 2001 (v.
773 1969 801 1989 c.
825 1955 859 1989 in
879 1956 954 1989 edd.
973 1955 1115 2000 Spenc.)
1142 1955 1235 1997 „cul-

102 1998 268 2042 pandum,
300 2008 481 2043 propterea
512 2002 605 2045 quod
633 2002 804 2034 turbatum
839 2010 937 2046 atque
969 2001 1148 2034 confusum
1178 2013 1236 2032 ne·

104 2047 290 2088 quaquam“
318 2053 380 2077 etc.
405 2045 435 2076 R

195 2100 230 2144 3)
255 2100 348 2132 Vox:
375 2104 574 2144 „corpora‚“
600 2115 700 2146 quam
725 2101 880 2135 exhibent
905 2102 1004 2141 Mss.‚
1028 2101 1236 2134 desideratur

104 2143 138 2176 in
162 2154 258 2177 antea
282 2144 379 2176 editis
403 2146 452 2189 (v.
477 2159 505 2179 c.
531 2146 607 2180 edd.
633 2148 696 2191 Μ.)
721 2148 760 2180 R.
939 2151 945 2160 “

193 2201 226 2245 ⁴)
251 2200 357 2233 Deest
383 2205 458 2243 „et“
485 2201 519 2234 in
544 2202 598 2236 ed.
621 2202 670 2235 M.
696 2202 722 2235 Ι.

193 2256 226 2301 ⁵)
252 2255 309 2290 Sic
341 2257 420 2290 Mss.
455 2257 548 2290 Alias
584 2258 631 2303 (v.
666 2271 696 2293 c.
725 2257 758 2291 in
784 2259 860 2302 edd.
885 2258 952 2303 M.)
980 2256 1146 2301 ‚,ingenii,
1171 2268 1238 2300 quo

104 2313 190 2345 quae
214 2311 290 2334 sunt
314 2301 345 2335 ei
368 2301 498 2336 insita.“
524 2303 565 2337 R.

909 2342 959 2397 ’3,
