1404 2463
204 86 272 121 158
682 84 857 119 Omossms

205 186 304 219 quam
327 173 487 206 accedere
510 182 639 217 potest,
663 186 771 218 neque
797 188 833 206 ex
859 173 943 213 illis,
968 173 1026 219 qui
1049 174 1095 208 ibi
1119 185 1210 215 sunt,
1242 176 1330 222 quis·

204 249 303 280 quam
335 234 473 267 transire
503 235 544 267 ad
576 248 655 267 nos:
688 249 772 280 quos
797 245 830 268 et
853 236 944 280 ipsos
968 237 1112 269 mundos
1137 238 1329 282 appellavit,

204 311 280 330 cum
311 296 376 330 ait:
424 296 646 341 „Oceanus¹)
685 297 1009 342 intransmeabilis2)
1042 307 1091 330 est
1128 298 1330 338 hominibus,

202 368 235 391 et
259 359 310 402 bi,
337 358 393 402 qui
419 368 506 390 trans
529 357 639 402 ipsum
664 367 741 390 sunt
765 358 898 397 mundi,
924 359 980 402 qui
1006 359 1054 391 his
1077 359 1196 392 iisdem
1221 361 1330 393 domi-

200 421 369 464 natoris3)
394 420 460 452 Dei
485 419 761 464 dispositionibus
786 421 1041 461 gubernamur.“
1078 421 1214 454 Dicitur
1229 422 1329 454 etiam

200 483 346 515 mundus
377 481 438 514 ista
469 481 682 520 universitas,
716 485 848 525 quae4)
880 496 917 514 ex
949 483 1046 514 coelo
1080 492 1113 515 et
1135 493 1223 516 terra
1247 484 1328 516 con-

200 545 342 583 tinetur,
366 543 453 575 sicut
476 543 599 575 Paulus
623 543 684 575 ait:
718 543 939 587 „Transiet⁵)
965 544 1053 576 enim
1077 544 1206 577 habitus
1232 544 1329 590 hujus

199 605 350 637 mundi.“
393 604 553 647 Designat
577 618 653 637 sane
679 614 712 637 et
735 604 836 636 alium
863 606 1027 650 quendam
1053 607 1214 639 mundum
1233 620 1329 651 prae-

197 676 251 699 ter
274 667 360 699 bunc
385 665 550 698 visibilem
583 665 681 698 etiam
707 666 874 698 Dominus
908 676 940 699 et
964 667 1119 700 Salvator
1146 669 1327 713 noster,⁶)

199 741 300 772 quem
334 740 449 760 revera
485 727 674 760 describere
712 737 745 760 et
781 728 952 770 designare
988 729 1126 761 difficile
1164 738 1221 762 est.
1272 729 1328 762 Ait

198 801 360 834 namque:
399 789 490 830 „Ego
506 791 537 833 7)
569 802 637 821 non
671 803 742 822 sum
777 790 817 822 de
847 791 912 822 hoc
944 791 1104 822 mundo.“
1153 791 1326 836 Tanquam

198 851 286 883 enim
320 861 360 883 ex
392 851 459 882 alio
485 851 630 894 quodam
660 861 745 883 esset
768 853 908 891 mundo,
934 852 977 884 ita
1003 852 1099 893 dicit,
1132 852 1209 897 (83)
1234 855 1327 899 quod

198 913 335 955 ,‚non⁹)
367 925 440 944 sum
474 913 514 944 de
548 912 612 945 lioc
644 913 803 945 mundo.“
861 913 962 958 Cujus
995 915 1113 946 mundi
1150 915 1325 948 difficilem

196 973 295 1006 nobis
334 986 403 1006 esse
440 973 684 1017 expositionem
715 974 842 1007 idcirco
881 975 1124 1019 praediximus,
1166 990 1206 1009 ne
1238 978 1325 1010 forte

195 1036 396 1080 praebeatur
418 1035 585 1079 aliquibus
610 1036 740 1068 occasio
766 1036 855 1068 illius
879 1036 1138 1078 intelligentiae,
1176 1051 1240 1082 qua
1264 1052 1325 1082 pu-

292 1173 323 1216 Ι)
349 1173 531 1206 Clementis
557 1175 701 1207 Romani
735 1176 835 1207 verba
860 1175 982 1208 imitari
1009 1176 1156 1217 videmr,
1190 1177 1325 1210 Cotele-

194 1219 246 1251 rio
271 1228 372 1257 teste,
412 1219 594 1264 Dionysius
620 1221 862 1253 Alexandrinus
899 1222 987 1266 apud
1019 1222 1140 1254 Euseb.
1167 1221 1223 1255 lib.
1249 1223 1322 1257 Vll.

195 1277 267 1308 cap.
292 1265 334 1296 ll.
360 1264 475 1297 histor.
509 1265 625 1297 eccles.
659 1265 675 1299 ὁ
709 1267 820 1304 πολὺς
851 1272 910 1299 καὶ
943 1268 1142 1310 ἀπέραντος
1174 1267 1322 1310 ἀνθρώ-

193 1323 276 1347 ποις
300 1307 463 1346 ὠκεανός.
505 1309 556 1341 Eo
584 1323 718 1354 quoque
743 1311 908 1355 respicere
935 1312 1068 1345 videtur
1093 1314 1243 1345 irenaeus
1266 1313 1321 1346 lib.

195 1355 237 1386 ll.
266 1367 336 1397 cap.
363 1354 415 1387 47.
444 1353 559 1396 „Quid
585 1365 712 1394 autem,
737 1356 860 1399 inquit,
887 1370 1062 1400 possumus
1089 1370 1254 1402 exponere
1279 1358 1320 1390 de

197 1400 325 1432 Oceani
355 1412 488 1431 accessu
513 1410 545 1430 et
569 1413 716 1438 recessu,
749 1414 823 1432 cum
850 1412 978 1434 constet
1005 1415 1072 1434 esse
1099 1412 1221 1435 certam
1247 1416 1323 1436 cau-

193 1444 285 1477 sam?
309 1444 431 1488 quidve
457 1445 497 1475 de
523 1443 589 1483 his,
615 1458 697 1488 quae
722 1447 807 1478 ultra
834 1460 908 1478 eum
933 1457 1025 1486 sunt,
1051 1448 1221 1480 enuntiare
1243 1461 1323 1492 qua-

193 1490 239 1522 lia
260 1489 373 1522 sint?“
416 1488 546 1531 Quibus
579 1491 687 1522 verbis
721 1490 926 1534 adjungenda
950 1502 1025 1524 sunt
1051 1492 1111 1524 ista
1135 1492 1257 1525 Hilarii
1279 1494 1321 1525 ad

192 1535 316 1567 Psalm.
341 1534 493 1566 LXVlll.
519 1534 636 1566 finem:
679 1535 792 1575 „Mare
818 1538 909 1580 quod
934 1538 1104 1581 profunda
1128 1537 1321 1582 infinitaque

192 1579 243 1612 sui
276 1579 374 1611 obice
406 1588 552 1610 mentem
576 1579 736 1612 humanae
765 1581 933 1624 opinionis
961 1583 1116 1622 excedat,
1149 1592 1187 1614 ut
1211 1596 1319 1627 neque

193 1625 274 1669 quid
309 1634 398 1656 extra
429 1637 480 1661 se,
512 1637 620 1668 neque
652 1625 733 1669 quid
765 1625 850 1658 inti-a
882 1627 940 1666 sit,
979 1640 1076 1659 sensu
1100 1637 1320 1672 persequente

193 1670 391 1713 capiamus.“
441 1669 508 1701 Sed
549 1678 582 1701 et
613 1670 795 1703 Clementis
827 1672 970 1704 Romani
1010 1672 1105 1704 locus
1143 1672 1264 1705 citatur
1301 1686 1318 1705 a

193 1714 393 1755 cognomine
424 1714 650 1746 Alexandrino
683 1716 843 1748 Stromat.
876 1718 914 1749 V.
947 1730 1019 1761 pag.
1052 1717 1140 1756 586„
1186 1718 1244 1750 ubi
1276 1719 1317 1750 de

191 1760 305 1791 multis
338 1758 458 1797 coelis,
494 1772 551 1790 seu
579 1760 728 1801 mundis;
766 1771 798 1793 et
828 1763 867 1793 ab
894 1762 1101 1808 Hieronymo
1139 1762 1172 1794 in
1196 1762 1318 1807 Ephes.

190 1805 236 1843 ll,
259 1804 290 1837 2.
315 1804 356 1836 R.
383 1824 424 1830 -
451 1803 518 1836 Csr.
545 1804 690 1839 Coteler.
717 1806 748 1838 in
772 1807 863 1839 notis
888 1807 920 1839 in
946 1807 1032 1840 hunc
1058 1807 1240 1840 Clementis
1266 1808 1318 1840 lo-

191 1863 266 1881 cum
291 1849 370 1882 coll.
396 1848 448 1880 ed.
473 1848 602 1893 Redep.
627 1863 699 1894 pag.
726 1852 799 1886 174.
823 1862 893 1887 not.
918 1853 971 1886 25.

283 1905 316 1948 ²)
341 1904 398 1938 Sic
425 1905 503 1936 Mss.
527 1905 619 1937 Editi
638 1908 683 1951 (v.
701 1920 727 1940 c.
742 1908 816 1939 edd.
833 1906 899 1951 Μ.)
925 1907 1162 1949 „intransibilis
1180 1912 1259 1944 est.“
1275 1908 1314 1942 R.

282 1961 315 2003 3)
340 1960 405 1993 Ed.
431 1960 480 1992 Μ.
506 1961 531 1993 Ι.
556 1963 660 1995 male:
689 1963 966 1995 »dominatores.«

282 2016 315 2059 ⁴)
340 2015 397 2048 Sic
421 2016 500 2049 Mss.
525 2018 617 2050 Libri
644 2019 727 2051 editi
759 2020 803 2063 (v.
830 2032 856 2050 c.
883 2018 957 2052 edd.
984 2019 1050 2063 M.)
1076 2031 1181 2063 „quae
1206 2028 1254 2051 est
1279 2031 1316 2051 ex

190 2061 287 2093 coelo
314 2070 346 2092 et
369 2069 475 2100 terra,
509 2062 593 2095 sicut
619 2064 762 2096 Paulus“
790 2074 851 2096 etc.
877 2064 919 2096 R.

281 2116 313 2160 ⁵)
338 2116 353 2148 I
380 2116 457 2148 Cor.
482 2118 556 2157 Vll,
581 2119 635 2153 31.
730 2121 762 2164 5)
788 2121 893 2152 Deest
918 2129 1071 2161 „nostem
1103 2119 1137 2152 in
1162 2120 1239 2154 edd.
1266 2119 1316 2153 M.

282 2173 314 2215 ⁷)
341 2171 412 2219 Cfr.
438 2184 486 2204 ev.
511 2173 632 2207 Joann.
657 2175 763 2213 XVlI,
791 2175 841 2210 16.
870 2196 902 2201 -
929 2175 997 2208 Cfr.
1024 2176 1077 2209 ed.
1095 2176 1223 2220 Redcp.
1241 2187 1313 2219 pag.

190 2217 265 2251 175.
290 2227 359 2250 not.
384 2217 414 2250 8.

282 2273 313 2316 ⁸)
339 2272 397 2304 Ev.
422 2273 541 2306 Joann.
569 2275 675 2313 XVll,
701 2274 750 2308 16.
