1404 2463
182 74 244 109 181
658 74 833 106 uiuamus

182 163 360 195 Videamus
386 176 483 205 ergo,
522 163 547 194 si
579 163 610 195 in
637 163 740 196 veteri
764 163 979 195 'testamento
1006 162 1097 194 Deus
1122 163 1302 207 propheta-

181 239 253 257 rum
286 234 317 257 et
348 226 463 257 mundi
495 234 624 258 creator
655 238 692 257 ac
727 225 896 267 legislator
932 237 1000 256 non
1033 223 1154 256 dicitur
1184 225 1300 256 bonus.

182 286 224 319 Et
260 286 341 331 quid
376 297 442 327 est,
478 288 570 331 quod
610 287 642 319 in
674 287 814 319 Psalmis
845 285 944 318 dicit:
989 285 1166 328 »Quam¹)
1198 287 1305 318 bonus

183 348 281 380 lsrael
299 349 391 381 Deus
407 349 505 381 rectis
523 349 671 381 corde:“
698 358 747 381 et:
774 348 895 389 „Dicat
908 348 941 389 ²)
961 360 1047 379 nunc
1064 346 1174 386 lsrael,
1198 360 1305 391 quon-

183 409 247 442 iam
266 411 295 452 ⁴)
328 411 455 451 bonus,
488 410 645 455 quoniam
677 410 708 442 in
741 410 910 442 saeculum
942 408 1170 440 misericordia
1202 408 1304 454 cjus.“

182 471 226 503 Et
248 471 279 504 in
305 471 596 505 lamentationibus
621 470 809 505 Hieremiae
834 471 995 516 scriptum
1022 480 1085 503 est:
1122 470 1257 512 „Bonus
1271 472 1305 514 ⁴)

183 533 349 566 Dominus
374 534 434 576 his,
466 534 522 579 qui
546 533 708 567 sustinent
733 547 819 573 eum,
844 534 972 565 animae
998 532 1169 577 quaerenti
1195 537 1304 565 eum.“

183 595 278 628 Sicut
302 608 379 638 ergo
406 597 514 629 bonus
539 596 571 628 in
598 595 700 628 veteri
726 595 940 627 Testamento
966 597 1159 638 frequenter
1183 594 1306 627 dicitur

183 656 292 696 Deus,
333 658 376 690 ita
408 657 506 689 ctiam
537 656 640 702 justus
673 657 706 689 in
731 656 917 698 Evangeiiis
951 656 1140 700 appellatur
1164 657 1304 689 Domini

182 718 331 763 nostri⁵)
361 721 441 752 Jesu
476 719 597 752 Christi
629 719 737 751 Pater.
785 718 940 763 Denique
978 718 1012 750 in
1042 718 1224 760 Evangelio
1255 732 1305 751 se-

182 780 325 812 cundum
350 782 515 814 Joannem
547 793 642 813 orans
671 780 743 824 ipse
768 781 934 813 Dominus
967 789 1080 813 noster
1104 781 1145 812 ad
1170 780 1303 813 Patrem

183 841 281 874 dicit:
314 842 485 885 „Pater-⁶)
510 842 610 886 juste,
643 852 675 874 et
700 843 842 875 mundus
867 853 898 875 te
923 855 991 874 non
1017 841 1206 884 cognovit.“
1254 843 1303 875 Ne

181 903 268 935 forte
299 903 426 944 dicant,
457 904 578 948 quia7)
603 904 702 936 etiam
735 904 853 936 mundi
885 914 1068 936 creatorem
1094 917 1156 948 pro
1181 917 1305 936 assum-

184 964 275 997 tione
309 965 412 998 carnis
438 966 569 998 Patrem
606 967 762 1007 vocabat,
803 975 834 998 et
863 965 973 1010 ipsum
1005 965 1127 1010 justum
1153 965 1304 997 nomina-

181 1028 254 1060 bat:
291 1028 512 1060 excluduntur
525 1027 558 1072 Β)
589 1029 629 1060 ab
663 1041 703 1060 eo
727 1039 899 1066 sermone,
929 1027 986 1072 qui
1011 1027 1121 1060 statim
1142 1027 1302 1072 sequitur.

182 1088 240 1121 Ait
269 1090 374 1122 enim:
415 1090 478 1131 „Et
490 1090 524 1134 ⁹)
551 1090 692 1122 mundus
716 1099 749 1122 te
772 1102 839 1121 non
866 1089 1053 1130 cognovit.“
1110 1090 1301 1125 Secundum

181 1151 270 1195 ipsos
305 1151 392 1184 enim
425 1153 535 1184 solum
559 1152 671 1185 Deum
702 1153 826 1184 bonum
859 1151 1002 1183 mundus
1033 1151 1171 1192 ignorat.
1218 1153 1301 1184 Nam

181 1213 390 1246 conditorem
415 1227 511 1246 suum
537 1213 704 1246 verissime
728 1212 949 1254 recognoscit,
972 1212 1124 1245 Domino
1149 1213 1224 1258 ipso
1253 1214 1303 1246 di-

181 1283 292 1314 cente,
323 1275 398 1319 quia
430 1276 572 1307 mundus
597 1276 688 1319 quod
712 1288 808 1307 suum
835 1283 882 1307 est
907 1274 1025 1316 diligit.
1074 1276 1199 1319 Aperte
1223 1288 1301 1317 ergo

178 1336 248 1376 ille,
274 1349 372 1381 quem
397 1346 514 1381 putant
537 1338 662 1369 bonum
687 1337 810 1375 Deum,
836 1335 938 1381 justus
963 1349 1032 1368 esse
1056 1336 1090 1368 in
1114 1336 1302 1378 Evangeliis

179 1397 310 1431 dicitur.
366 1399 412 1430 Ex
445 1398 516 1431 otio
547 1411 622 1431 sane
655 1398 838 1442 licebit¹⁰)
868 1397 965 1441 plura
1001 1397 1190 1430 testimonia
1224 1411 1304 1431 con*

179 1472 328 1501 gregare,
364 1460 469 1493 sicubi
494 1460 526 1492 in
554 1473 642 1492 novo
668 1460 883 1492 Testamento
908 1459 1008 1491 Pater
1030 1459 1172 1491 Domini
1196 1459 1300 1492 nostri

179 1522 257 1554 Jcsu
283 1521 402 1554 Christi
427 1522 529 1568 justus
552 1521 757 1566 appellatur,
798 1530 830 1552 et
846 1521 854 1540 ¹
870 1521 899 1564 ¹)
925 1521 1023 1553 etiam
1049 1521 1081 1553 in
1108 1521 1210 1553 veteri
1235 1521 1300 1553 Te-

178 1592 340 1616 stamento
379 1584 464 1615 coeli
502 1584 600 1626 et¹²)
627 1593 731 1615 terrae
768 1591 898 1614 creator
933 1583 1040 1614 bonus
1079 1581 1217 1622 dicitur,
1265 1593 1301 1614 ut

274 1725 304 1767 ¹)
328 1724 448 1756 Psalm.
478 1724 638 1764 LXXlH,
667 1724 692 1757 l.
731 1722 905 1766 (LXXII.)

269 1782 301 1823 ²)
327 1780 446 1813 Psalm.
480 1780 637 1819 CXVlll,
662 1779 692 1813 2.
726 1779 899 1822 (CXVII.)

270 1838 304 1881 3)
328 1838 433 1869 Deest
464 1835 662 1880 „quoni-am«
697 1835 730 1867 in
755 1835 830 1867 edd.
856 1835 903 1866 M.

270 1894 303 1936 ⁴)
330 1892 399 1926 Csr.
424 1892 547 1924 Thren.
573 1891 632 1930 lli,
657 1891 710 1925 25.

268 1951 300 1993 ⁵)
324 1950 428 1981 Deest
459 1947 492 1979 in
523 1956 616 1979 antea
651 1946 747 1979 editis
771 1948 817 1989 (v.
844 1959 870 1978 c.
899 1946 974 1979 edd.
1000 1946 1083 1989 M),
1117 1945 1174 1977 sed
1200 1945 1297 1977 habe-

178 2005 230 2027 tur
258 1994 290 2026 in
316 1995 395 2027 Mss.
422 1992 579 2034 „nostri.“
606 1992 646 2027 R,

267 2052 300 2094 ⁶)
326 2050 385 2082 Ev.
409 2047 527 2082 Jo'ann.
552 2047 659 2088 XVH,
683 2047 736 2081 25.
834 2048 864 2089 ⁷)
890 2047 953 2078 Ed.
980 2046 1026 2078 M.
1045 2046 1085 2078 ῙῘ.
1114 2047 1259 2090 »quod.“

267 2107 300 2149 ⁸)
325 2106 411 2138 Edd.
438 2105 484 2138 Μ.
513 2105 745 2145 „excludunt.“
819 2105 852 2145 ⁰)
877 2102 936 2135 Ev.
961 2103 1080 2134 Joann.
1106 2102 1217 2141 XVII,
1241 2102 1292 2136 25.

247 2163 297 2206 ¹⁰)
323 2162 369 2194 lta
396 2174 508 2194 omncs
534 2161 641 2193 Codd.
671 2160 747 2193 Mss.
782 2159 873 2191 Editi
899 2171 977 2190 vero
1004 2160 1050 2200 (v.
1076 2171 1102 2190 c.
1128 2158 1204 2190 cdd.
1231 2158 1294 2201 Μ.)

179 2208 352 2249 „licebat.“
378 2207 416 2239 R.
516 2207 567 2248 ¹¹)
593 2206 695 2237 Deest
723 2209 795 2245 „ctf‘
824 2205 855 2236 in
883 2205 959 2236 edd.
988 2204 1033 2235 M.

247 2265 298 2308 12)
322 2264 406 2296 Edd.
436 2264 481 2296 M.
512 2276 597 2303 „affl
1399 2263 1402 2314 5
