<?xml version="1.0" encoding="UTF-8"?>
<!DOCTYPE html PUBLIC "-//W3C//DTD XHTML 1.0 Transitional//EN"
    "http://www.w3.org/TR/xhtml1/DTD/xhtml1-transitional.dtd">
<html xmlns="http://www.w3.org/1999/xhtml" xml:lang="en" lang="en">
 <head>
  <title>
</title>
<meta http-equiv="Content-Type" content="text/html;charset=utf-8" />
  <meta name='ocr-system' content='tesseract 3.04.00' />
  <meta name='ocr-capabilities' content='ocr_page ocr_carea ocr_par ocr_line ocrx_word'/>
</head>
<body>
  <div class='ocr_page' id='page_1' title='image "./operaomniaquaegr21orig/operaomniaquaegr21orig_0110.png"; bbox 0 0 1404 2463; ppageno 0'>
   <div class='ocr_carea' id='block_1_1' title="bbox 208 97 854 131">
    <p class='ocr_par' dir='ltr' id='par_1_1' title="bbox 208 97 854 131">
     <span class='ocr_line' id='line_1_1' title="bbox 208 97 854 131; baseline -0.005 0"><span class='ocrx_word' id='word_1_1' title='bbox 208 97 251 131; x_wconf 76' lang='lat'><strong>96</strong></span> <span class='ocrx_word' id='word_1_2' title='bbox 679 98 854 130; x_wconf 64' lang='lat' dir='ltr'><strong>ORIGEMS</strong></span> 
     </span>
    </p>
   </div>
   <div class='ocr_carea' id='block_1_2' title="bbox 194 186 1334 1460">
    <p class='ocr_par' dir='ltr' id='par_1_2' title="bbox 203 186 1334 466">
     <span class='ocr_line' id='line_1_2' title="bbox 206 186 1332 232; baseline 0.001 -13"><span class='ocrx_word' id='word_1_3' title='bbox 206 188 305 227; x_wconf 77' lang='lat' dir='ltr'><strong>istae,</strong></span> <span class='ocrx_word' id='word_1_4' title='bbox 330 199 413 231; x_wconf 88' lang='lat' dir='ltr'><strong>quae</strong></span> <span class='ocrx_word' id='word_1_5' title='bbox 438 186 491 218; x_wconf 87' lang='lat' dir='ltr'><strong>vel</strong></span> <span class='ocrx_word' id='word_1_6' title='bbox 515 186 738 230; x_wconf 74' lang='lat' dir='ltr'><strong>principatum</strong></span> <span class='ocrx_word' id='word_1_7' title='bbox 764 199 859 228; x_wconf 81' lang='lat' dir='ltr'><strong>agere</strong></span> <span class='ocrx_word' id='word_1_8' title='bbox 885 187 916 218; x_wconf 93' lang='lat' dir='ltr'><strong>in</strong></span> <span class='ocrx_word' id='word_1_9' title='bbox 941 186 1032 226; x_wconf 80' lang='lat' dir='ltr'><strong>aliis,</strong></span> <span class='ocrx_word' id='word_1_10' title='bbox 1056 186 1107 218; x_wconf 86' lang='lat' dir='ltr'><strong>vel</strong></span> <span class='ocrx_word' id='word_1_11' title='bbox 1133 195 1332 232; x_wconf 77' lang='lat' dir='ltr'><strong>potestatem</strong></span> 
     </span>
     <span class='ocr_line' id='line_1_3' title="bbox 207 247 1331 291; baseline 0 -10"><span class='ocrx_word' id='word_1_12' title='bbox 207 261 371 288; x_wconf 78' lang='lat' dir='ltr'><strong>exercere,</strong></span> <span class='ocrx_word' id='word_1_13' title='bbox 393 248 448 281; x_wconf 77' lang='lat' dir='ltr'><strong>vel</strong></span> <span class='ocrx_word' id='word_1_14' title='bbox 473 247 736 280; x_wconf 71' lang='lat' dir='ltr'><strong>dominationem</strong></span> <span class='ocrx_word' id='word_1_15' title='bbox 755 248 917 287; x_wconf 82' lang='lat' dir='ltr'><strong>videntur,</strong></span> <span class='ocrx_word' id='word_1_16' title='bbox 934 248 965 291; x_wconf 88' lang='lat'><strong>¹)</strong></span> <span class='ocrx_word' id='word_1_17' title='bbox 990 260 1028 280; x_wconf 86' lang='lat' dir='ltr'><strong>ex</strong></span> <span class='ocrx_word' id='word_1_18' title='bbox 1048 248 1182 288; x_wconf 77' lang='lat' dir='ltr'><strong>merito,</strong></span> <span class='ocrx_word' id='word_1_19' title='bbox 1206 258 1239 281; x_wconf 87' lang='lat' dir='ltr'><strong>et</strong></span> <span class='ocrx_word' id='word_1_20' title='bbox 1262 261 1331 281; x_wconf 87' lang='lat' dir='ltr'><strong>nou</strong></span> 
     </span>
     <span class='ocr_line' id='line_1_4' title="bbox 205 308 1334 355; baseline -0.001 -12"><span class='ocrx_word' id='word_1_21' title='bbox 205 324 267 355; x_wconf 86' lang='lat' dir='ltr'><strong>per</strong></span> <span class='ocrx_word' id='word_1_22' title='bbox 291 309 492 342; x_wconf 81' lang='lat' dir='ltr'><strong>conditionis</strong></span> <span class='ocrx_word' id='word_1_23' title='bbox 515 308 779 353; x_wconf 78' lang='lat' dir='ltr'><strong>praerogativam</strong></span> <span class='ocrx_word' id='word_1_24' title='bbox 804 309 971 352; x_wconf 74' lang='lat' dir='ltr'>praelatae</span> <span class='ocrx_word' id='word_1_25' title='bbox 995 309 1059 342; x_wconf 79' lang='lat' dir='ltr'><strong>sint</strong></span> <span class='ocrx_word' id='word_1_26' title='bbox 1083 319 1116 342; x_wconf 86' lang='lat' dir='ltr'><strong>et</strong></span> <span class='ocrx_word' id='word_1_27' title='bbox 1139 310 1334 355; x_wconf 87' lang='lat' dir='ltr'><strong>superposi-</strong></span> 
     </span>
     <span class='ocr_line' id='line_1_5' title="bbox 203 370 1332 416; baseline 0 -12"><span class='ocrx_word' id='word_1_28' title='bbox 203 382 256 404; x_wconf 72' lang='lat' dir='ltr'><strong>tae</strong></span> <span class='ocrx_word' id='word_1_29' title='bbox 281 372 341 411; x_wconf 80' lang='lat' dir='ltr'><strong>his,</strong></span> <span class='ocrx_word' id='word_1_30' title='bbox 365 371 486 416; x_wconf 85' lang='lat' dir='ltr'><strong>quibus</strong></span> <span class='ocrx_word' id='word_1_31' title='bbox 509 383 680 415; x_wconf 77' lang='lat' dir='ltr'><strong>praeesse,</strong></span> <span class='ocrx_word' id='word_1_32' title='bbox 707 370 758 402; x_wconf 84' lang='lat' dir='ltr'><strong>vel</strong></span> <span class='ocrx_word' id='word_1_33' title='bbox 784 370 817 402; x_wconf 86' lang='lat' dir='ltr'><strong>in</strong></span> <span class='ocrx_word' id='word_1_34' title='bbox 843 384 927 415; x_wconf 83' lang='lat' dir='ltr'><strong>quos</strong></span> <span class='ocrx_word' id='word_1_35' title='bbox 951 380 1152 415; x_wconf 80' lang='lat' dir='ltr'><strong>potestatem</strong></span> <span class='ocrx_word' id='word_1_36' title='bbox 1177 384 1332 404; x_wconf 80' lang='lat' dir='ltr'><strong>exercere</strong></span> 
     </span>
     <span class='ocr_line' id='line_1_6' title="bbox 204 434 371 466; baseline -0.006 0"><span class='ocrx_word' id='word_1_37' title='bbox 204 434 371 466; x_wconf 76' lang='lat' dir='ltr'><strong>dicuntur.</strong></span> 
     </span>
    </p>

    <p class='ocr_par' dir='ltr' id='par_1_3' title="bbox 194 493 1331 1460">
     <span class='ocr_line' id='line_1_7' title="bbox 293 493 1331 528; baseline 0 0"><span class='ocrx_word' id='word_1_38' title='bbox 293 496 324 528; x_wconf 77' lang='grc'><strong>4.</strong></span> <span class='ocrx_word' id='word_1_39' title='bbox 371 494 438 527; x_wconf 89' lang='lat' dir='ltr'><strong>Sed</strong></span> <span class='ocrx_word' id='word_1_40' title='bbox 462 506 503 525; x_wconf 90' lang='lat' dir='ltr'><strong>ne</strong></span> <span class='ocrx_word' id='word_1_41' title='bbox 529 494 569 525; x_wconf 88' lang='lat' dir='ltr'><strong>de</strong></span> <span class='ocrx_word' id='word_1_42' title='bbox 595 493 691 526; x_wconf 77' lang='lat' dir='ltr'><strong>tantis</strong></span> <span class='ocrx_word' id='word_1_43' title='bbox 715 506 752 525; x_wconf 78' lang='lat' dir='ltr'><strong>ac</strong></span> <span class='ocrx_word' id='word_1_44' title='bbox 777 501 845 525; x_wconf 77' lang='lat' dir='ltr'><strong>tam</strong></span> <span class='ocrx_word' id='word_1_45' title='bbox 871 493 1065 527; x_wconf 79' lang='lat' dir='ltr'><strong>difficilibus</strong></span> <span class='ocrx_word' id='word_1_46' title='bbox 1090 495 1189 527; x_wconf 87' lang='lat' dir='ltr'><strong>rebus</strong></span> <span class='ocrx_word' id='word_1_47' title='bbox 1214 507 1331 528; x_wconf 86' lang='lat' dir='ltr'><strong>conse-</strong></span> 
     </span>
     <span class='ocr_line' id='line_1_8' title="bbox 203 553 1330 602; baseline 0.001 -14"><span class='ocrx_word' id='word_1_48' title='bbox 203 556 357 600; x_wconf 76' lang='lat' dir='ltr'><strong>quentiae</strong></span> <span class='ocrx_word' id='word_1_49' title='bbox 386 554 491 587; x_wconf 87' lang='lat' dir='ltr'><strong>solius</strong></span> <span class='ocrx_word' id='word_1_50' title='bbox 523 555 652 587; x_wconf 71' lang='lat' dir='ltr'><strong>ratione</strong></span> <span class='ocrx_word' id='word_1_51' title='bbox 684 553 815 587; x_wconf 72' lang='lat' dir='ltr'><strong>invitati</strong></span> <span class='ocrx_word' id='word_1_52' title='bbox 850 555 1023 588; x_wconf 79' lang='lat' dir='ltr'><strong>videamur</strong></span> <span class='ocrx_word' id='word_1_53' title='bbox 1045 568 1206 596; x_wconf 78' lang='lat' dir='ltr'><strong>asserere,</strong></span> <span class='ocrx_word' id='word_1_54' title='bbox 1230 565 1330 602; x_wconf 84' lang='lat' dir='ltr'><strong>atque</strong></span> 
     </span>
     <span class='ocr_line' id='line_1_9' title="bbox 203 615 1330 662; baseline 0.001 -12"><span class='ocrx_word' id='word_1_55' title='bbox 203 631 240 650; x_wconf 82' lang='lat' dir='ltr'><strong>cx</strong></span> <span class='ocrx_word' id='word_1_56' title='bbox 265 616 465 662; x_wconf 68' lang='lat' dir='ltr'><strong>conjecturis</strong></span> <span class='ocrx_word' id='word_1_57' title='bbox 488 615 723 648; x_wconf 82' lang='lat' dir='ltr'><strong>tantummodo</strong></span> <span class='ocrx_word' id='word_1_58' title='bbox 749 616 782 648; x_wconf 91' lang='lat' dir='ltr'><strong>in</strong></span> <span class='ocrx_word' id='word_1_59' title='bbox 807 629 972 649; x_wconf 81' lang='lat' dir='ltr'><strong>assensum</strong></span> <span class='ocrx_word' id='word_1_60' title='bbox 1005 630 1124 659; x_wconf 84' lang='lat' dir='ltr'><strong>cogere</strong></span> <span class='ocrx_word' id='word_1_61' title='bbox 1148 618 1330 658; x_wconf 78' lang='lat' dir='ltr'><strong>auditores,</strong></span> 
     </span>
     <span class='ocr_line' id='line_1_10' title="bbox 201 677 1331 724; baseline 0.003 -14"><span class='ocrx_word' id='word_1_62' title='bbox 201 680 372 712; x_wconf 82' lang='lat' dir='ltr'><strong>videamus</strong></span> <span class='ocrx_word' id='word_1_63' title='bbox 396 679 423 711; x_wconf 87' lang='lat' dir='ltr'><strong>si</strong></span> <span class='ocrx_word' id='word_1_64' title='bbox 447 678 527 723; x_wconf 89' lang='lat' dir='ltr'><strong>quid</strong></span> <span class='ocrx_word' id='word_1_65' title='bbox 551 677 649 709; x_wconf 71' lang='lat' dir='ltr'><strong>etiam</strong></span> <span class='ocrx_word' id='word_1_66' title='bbox 675 678 717 709; x_wconf 86' lang='lat' dir='ltr'><strong>de</strong></span> <span class='ocrx_word' id='word_1_67' title='bbox 742 677 925 722; x_wconf 76' lang='lat' dir='ltr'><strong>Scripturis</strong></span> <span class='ocrx_word' id='word_1_68' title='bbox 941 678 1061 711; x_wconf 82' lang='lat' dir='ltr'><strong>sanctis</strong></span> <span class='ocrx_word' id='word_1_69' title='bbox 1079 692 1256 724; x_wconf 86' lang='lat' dir='ltr'><strong>possumus</strong></span> <span class='ocrx_word' id='word_1_70' title='bbox 1281 693 1331 713; x_wconf 81' lang='lat' dir='ltr'><strong>as-</strong></span> 
     </span>
     <span class='ocr_line' id='line_1_11' title="bbox 200 740 1329 783; baseline 0 -9"><span class='ocrx_word' id='word_1_71' title='bbox 200 741 355 774; x_wconf 77' lang='lat' dir='ltr'><strong>sertionis</strong></span> <span class='ocrx_word' id='word_1_72' title='bbox 381 751 557 777; x_wconf 76' lang='lat' dir='ltr'><strong>assumere,</strong></span> <span class='ocrx_word' id='word_1_73' title='bbox 582 751 721 783; x_wconf 81' lang='lat' dir='ltr'><strong>quarum</strong></span> <span class='ocrx_word' id='word_1_74' title='bbox 747 741 942 772; x_wconf 76' lang='lat' dir='ltr'><strong>auctoritate</strong></span> <span class='ocrx_word' id='word_1_75' title='bbox 957 740 1036 773; x_wconf 80' lang='lat' dir='ltr'><strong>haec</strong></span> <span class='ocrx_word' id='word_1_76' title='bbox 1054 740 1247 774; x_wconf 82' lang='lat' dir='ltr'><strong>credibilius</strong></span> <span class='ocrx_word' id='word_1_77' title='bbox 1270 742 1329 774; x_wconf 83' lang='lat' dir='ltr'><strong>ad-</strong></span> 
     </span>
     <span class='ocr_line' id='line_1_12' title="bbox 199 800 1326 848; baseline 0.001 -14"><span class='ocrx_word' id='word_1_78' title='bbox 199 811 377 835; x_wconf 75' lang='lat' dir='ltr'><strong>struantur.</strong></span> <span class='ocrx_word' id='word_1_79' title='bbox 424 801 468 834; x_wconf 90' lang='lat' dir='ltr'><strong>Et</strong></span> <span class='ocrx_word' id='word_1_80' title='bbox 503 800 650 845; x_wconf 89' lang='lat' dir='ltr'><strong>primum</strong></span> <span class='ocrx_word' id='word_1_81' title='bbox 685 800 820 845; x_wconf 86' lang='lat' dir='ltr'><strong>quidem</strong></span> <span class='ocrx_word' id='word_1_82' title='bbox 853 802 894 833; x_wconf 89' lang='lat' dir='ltr'><strong>de</strong></span> <span class='ocrx_word' id='word_1_83' title='bbox 925 802 1019 835; x_wconf 78' lang='lat' dir='ltr'><strong>malis</strong></span> <span class='ocrx_word' id='word_1_84' title='bbox 1044 802 1221 835; x_wconf 79' lang='lat' dir='ltr'><strong>virtutibus</strong></span> <span class='ocrx_word' id='word_1_85' title='bbox 1246 802 1326 848; x_wconf 89' lang='lat' dir='ltr'><strong>quid</strong></span> 
     </span>
     <span class='ocr_line' id='line_1_13' title="bbox 198 861 1326 908; baseline 0 -11"><span class='ocrx_word' id='word_1_86' title='bbox 198 874 309 897; x_wconf 71' lang='lat' dir='ltr'><strong>sancta</strong></span> <span class='ocrx_word' id='word_1_87' title='bbox 334 864 507 907; x_wconf 84' lang='lat' dir='ltr'><strong>Scriptura</strong></span> <span class='ocrx_word' id='word_1_88' title='bbox 531 861 717 901; x_wconf 80' lang='lat' dir='ltr'><strong>contineat,</strong></span> <span class='ocrx_word' id='word_1_89' title='bbox 750 863 1025 907; x_wconf 76' lang='lat' dir='ltr'><strong>proseremus32)</strong></span> <span class='ocrx_word' id='word_1_90' title='bbox 1057 873 1128 896; x_wconf 80' lang='lat' dir='ltr'><strong>tum</strong></span> <span class='ocrx_word' id='word_1_91' title='bbox 1143 865 1177 908; x_wconf 74' lang='grc'><strong>3)</strong></span> <span class='ocrx_word' id='word_1_92' title='bbox 1203 865 1326 897; x_wconf 89' lang='lat' dir='ltr'><strong>deinde</strong></span> 
     </span>
     <span class='ocr_line' id='line_1_14' title="bbox 198 923 1326 970; baseline 0 -12"><span class='ocrx_word' id='word_1_93' title='bbox 198 927 295 959; x_wconf 78' lang='lat' dir='ltr'><strong>etiam</strong></span> <span class='ocrx_word' id='word_1_94' title='bbox 322 926 363 957; x_wconf 86' lang='lat' dir='ltr'><strong>de</strong></span> <span class='ocrx_word' id='word_1_95' title='bbox 389 924 464 969; x_wconf 81' lang='grc'>(67)</span> <span class='ocrx_word' id='word_1_96' title='bbox 490 923 609 956; x_wconf 78' lang='lat' dir='ltr'><strong>ceteris</strong></span> <span class='ocrx_word' id='word_1_97' title='bbox 633 923 916 965; x_wconf 80' lang='lat' dir='ltr'><strong>investigabimus,</strong></span> <span class='ocrx_word' id='word_1_98' title='bbox 939 925 1124 957; x_wconf 84' lang='lat' dir='ltr'><strong>secundum</strong></span> <span class='ocrx_word' id='word_1_99' title='bbox 1144 926 1236 970; x_wconf 89' lang='lat' dir='ltr'><strong>quod</strong></span> <span class='ocrx_word' id='word_1_100' title='bbox 1253 926 1326 958; x_wconf 85' lang='lat' dir='ltr'><strong>Do-</strong></span> 
     </span>
     <span class='ocr_line' id='line_1_15' title="bbox 197 985 1326 1027; baseline 0 -7"><span class='ocrx_word' id='word_1_101' title='bbox 197 988 306 1020; x_wconf 55' lang='lat' dir='ltr'><strong>minus</strong></span> <span class='ocrx_word' id='word_1_102' title='bbox 330 1000 392 1019; x_wconf 90' lang='lat' dir='ltr'><strong>nos</strong></span> <span class='ocrx_word' id='word_1_103' title='bbox 417 985 517 1019; x_wconf 83' lang='lat' dir='ltr'><strong>fuerit</strong></span> <span class='ocrx_word' id='word_1_104' title='bbox 540 985 730 1018; x_wconf 74' lang='lat' dir='ltr'><strong>illuminare</strong></span> <span class='ocrx_word' id='word_1_105' title='bbox 749 985 909 1027; x_wconf 77' lang='lat' dir='ltr'><strong>dignatus,</strong></span> <span class='ocrx_word' id='word_1_106' title='bbox 933 995 970 1018; x_wconf 87' lang='lat' dir='ltr'><strong>ut</strong></span> <span class='ocrx_word' id='word_1_107' title='bbox 992 985 1025 1018; x_wconf 90' lang='lat' dir='ltr'><strong>in</strong></span> <span class='ocrx_word' id='word_1_108' title='bbox 1045 988 1143 1019; x_wconf 82' lang='lat' dir='ltr'><strong>rebus</strong></span> <span class='ocrx_word' id='word_1_109' title='bbox 1167 996 1234 1019; x_wconf 78' lang='lat' dir='ltr'><strong>tam</strong></span> <span class='ocrx_word' id='word_1_110' title='bbox 1260 987 1326 1020; x_wconf 87' lang='lat' dir='ltr'><strong>dif-</strong></span> 
     </span>
     <span class='ocr_line' id='line_1_16' title="bbox 196 1047 1325 1093; baseline -0.001 -12"><span class='ocrx_word' id='word_1_111' title='bbox 196 1049 342 1082; x_wconf 78' lang='lat' dir='ltr'><strong>ficilibus</strong></span> <span class='ocrx_word' id='word_1_112' title='bbox 373 1047 452 1093; x_wconf 89' lang='lat' dir='ltr'><strong>quid</strong></span> <span class='ocrx_word' id='word_1_113' title='bbox 484 1047 586 1088; x_wconf 79' lang='lat' dir='ltr'><strong>magis</strong></span> <span class='ocrx_word' id='word_1_114' title='bbox 620 1047 751 1080; x_wconf 77' lang='lat' dir='ltr'><strong>veritati</strong></span> <span class='ocrx_word' id='word_1_115' title='bbox 783 1047 823 1079; x_wconf 79' lang='lat' dir='ltr'><strong>sit</strong></span> <span class='ocrx_word' id='word_1_116' title='bbox 850 1048 1056 1092; x_wconf 86' lang='lat' dir='ltr'><strong>proximum,</strong></span> <span class='ocrx_word' id='word_1_117' title='bbox 1091 1049 1144 1080; x_wconf 87' lang='lat' dir='ltr'><strong>vel</strong></span> <span class='ocrx_word' id='word_1_118' title='bbox 1169 1048 1249 1093; x_wconf 89' lang='lat' dir='ltr'><strong>quid</strong></span> <span class='ocrx_word' id='word_1_119' title='bbox 1273 1061 1325 1080; x_wconf 86' lang='lat' dir='ltr'><strong>se—</strong></span> 
     </span>
     <span class='ocr_line' id='line_1_17' title="bbox 198 1108 1325 1154; baseline -0.001 -11"><span class='ocrx_word' id='word_1_120' title='bbox 198 1112 344 1143; x_wconf 75' lang='lat' dir='ltr'><strong>eundum</strong></span> <span class='ocrx_word' id='word_1_121' title='bbox 376 1109 510 1154; x_wconf 83' lang='lat' dir='ltr'><strong>pietatis</strong></span> <span class='ocrx_word' id='word_1_122' title='bbox 541 1109 690 1151; x_wconf 79' lang='lat' dir='ltr'><strong>regulam</strong></span> <span class='ocrx_word' id='word_1_123' title='bbox 727 1108 934 1153; x_wconf 78' lang='lat' dir='ltr'><strong>opinandum</strong></span> <span class='ocrx_word' id='word_1_124' title='bbox 974 1108 1034 1149; x_wconf 88' lang='lat' dir='ltr'><strong>sit,</strong></span> <span class='ocrx_word' id='word_1_125' title='bbox 1072 1122 1325 1154; x_wconf 76' lang='lat' dir='ltr'><strong>consequamur.</strong></span> 
     </span>
     <span class='ocr_line' id='line_1_18' title="bbox 197 1170 1323 1216; baseline -0.002 -11"><span class='ocrx_word' id='word_1_126' title='bbox 197 1172 390 1206; x_wconf 83' lang='lat' dir='ltr'><strong>Invenimus</strong></span> <span class='ocrx_word' id='word_1_127' title='bbox 413 1182 557 1215; x_wconf 80' lang='lat' dir='ltr'><strong>namque</strong></span> <span class='ocrx_word' id='word_1_128' title='bbox 581 1171 614 1203; x_wconf 87' lang='lat' dir='ltr'><strong>in</strong></span> <span class='ocrx_word' id='word_1_129' title='bbox 637 1170 860 1216; x_wconf 76' lang='lat' dir='ltr'><strong>Ezechiele⁴)</strong></span> <span class='ocrx_word' id='word_1_130' title='bbox 885 1171 1049 1215; x_wconf 80' lang='lat' dir='ltr'><strong>propheta</strong></span> <span class='ocrx_word' id='word_1_131' title='bbox 1065 1171 1145 1203; x_wconf 71' lang='lat' dir='ltr'><strong>(luas</strong></span> <span class='ocrx_word' id='word_1_132' title='bbox 1165 1171 1323 1215; x_wconf 75' lang='lat' dir='ltr'><strong>quasdam</strong></span> 
     </span>
     <span class='ocr_line' id='line_1_19' title="bbox 196 1231 1324 1278; baseline 0 -13"><span class='ocrx_word' id='word_1_133' title='bbox 196 1233 392 1278; x_wconf 82' lang='lat' dir='ltr'><strong>prophetias</strong></span> <span class='ocrx_word' id='word_1_134' title='bbox 415 1231 553 1277; x_wconf 83' lang='lat' dir='ltr'><strong>scriptas</strong></span> <span class='ocrx_word' id='word_1_135' title='bbox 579 1245 647 1265; x_wconf 76' lang='lat' dir='ltr'><strong>esse</strong></span> <span class='ocrx_word' id='word_1_136' title='bbox 673 1233 711 1265; x_wconf 79' lang='lat' dir='ltr'><strong>ad</strong></span> <span class='ocrx_word' id='word_1_137' title='bbox 731 1231 917 1277; x_wconf 82' lang='lat' dir='ltr'><strong>principem</strong></span> <span class='ocrx_word' id='word_1_138' title='bbox 936 1232 1027 1278; x_wconf 80' lang='lat' dir='ltr'><strong>Tyri,</strong></span> <span class='ocrx_word' id='word_1_139' title='bbox 1053 1245 1192 1277; x_wconf 76' lang='lat' dir='ltr'><strong>quarum</strong></span> <span class='ocrx_word' id='word_1_140' title='bbox 1216 1232 1324 1277; x_wconf 77' lang='lat' dir='ltr'><strong>prima</strong></span> 
     </span>
     <span class='ocr_line' id='line_1_20' title="bbox 196 1293 1322 1338; baseline -0.001 -11"><span class='ocrx_word' id='word_1_141' title='bbox 196 1298 337 1328; x_wconf 73' lang='lat' dir='ltr'><strong>iortasse</strong></span> <span class='ocrx_word' id='word_1_142' title='bbox 362 1293 533 1326; x_wconf 79' lang='lat' dir='ltr'><strong>videbitur</strong></span> <span class='ocrx_word' id='word_1_143' title='bbox 564 1294 681 1334; x_wconf 77' lang='lat' dir='ltr'><strong>alicui,</strong></span> <span class='ocrx_word' id='word_1_144' title='bbox 719 1303 895 1338; x_wconf 76' lang='lat' dir='ltr'><strong>antequam</strong></span> <span class='ocrx_word' id='word_1_145' title='bbox 928 1294 1039 1326; x_wconf 77' lang='lat' dir='ltr'><strong>audiat</strong></span> <span class='ocrx_word' id='word_1_146' title='bbox 1070 1304 1103 1327; x_wconf 78' lang='lat' dir='ltr'><strong>et</strong></span> <span class='ocrx_word' id='word_1_147' title='bbox 1131 1295 1322 1334; x_wconf 76' lang='lat' dir='ltr'><strong>secundam,</strong></span> 
     </span>
     <span class='ocr_line' id='line_1_21' title="bbox 196 1354 1321 1402; baseline -0.001 -13"><span class='ocrx_word' id='word_1_148' title='bbox 196 1357 264 1389; x_wconf 86' lang='lat' dir='ltr'><strong>dici</strong></span> <span class='ocrx_word' id='word_1_149' title='bbox 289 1357 329 1388; x_wconf 84' lang='lat' dir='ltr'><strong>de</strong></span> <span class='ocrx_word' id='word_1_150' title='bbox 354 1355 489 1387; x_wconf 81' lang='lat' dir='ltr'><strong>homine</strong></span> <span class='ocrx_word' id='word_1_151' title='bbox 514 1355 646 1399; x_wconf 84' lang='lat' dir='ltr'><strong>aliquo,</strong></span> <span class='ocrx_word' id='word_1_152' title='bbox 681 1354 737 1399; x_wconf 89' lang='lat' dir='ltr'><strong>qui</strong></span> <span class='ocrx_word' id='word_1_153' title='bbox 762 1355 917 1399; x_wconf 84' lang='lat' dir='ltr'><strong>princeps</strong></span> <span class='ocrx_word' id='word_1_154' title='bbox 952 1356 1052 1388; x_wconf 76' lang='lat' dir='ltr'><strong>fuerit</strong></span> <span class='ocrx_word' id='word_1_155' title='bbox 1083 1355 1321 1402; x_wconf 72' lang='lat' dir='ltr'><strong>Tyriorum.⁵)</strong></span> 
     </span>
     <span class='ocr_line' id='line_1_22' title="bbox 194 1414 1322 1460; baseline -0.002 -9"><span class='ocrx_word' id='word_1_156' title='bbox 194 1419 238 1451; x_wconf 84' lang='lat' dir='ltr'><strong>Et</strong></span> <span class='ocrx_word' id='word_1_157' title='bbox 271 1418 348 1450; x_wconf 85' lang='lat' dir='ltr'><strong>idco</strong></span> <span class='ocrx_word' id='word_1_158' title='bbox 379 1429 441 1448; x_wconf 84' lang='lat' dir='ltr'><strong>nos</strong></span> <span class='ocrx_word' id='word_1_159' title='bbox 470 1414 604 1447; x_wconf 81' lang='lat' dir='ltr'><strong>interim</strong></span> <span class='ocrx_word' id='word_1_160' title='bbox 635 1415 715 1447; x_wconf 80' lang='lat' dir='ltr'><strong>nihil</strong></span> <span class='ocrx_word' id='word_1_161' title='bbox 749 1416 789 1447; x_wconf 78' lang='lat' dir='ltr'><strong>de</strong></span> <span class='ocrx_word' id='word_1_162' title='bbox 820 1416 925 1460; x_wconf 79' lang='lat' dir='ltr'><strong>prima</strong></span> <span class='ocrx_word' id='word_1_163' title='bbox 958 1417 1015 1449; x_wconf 79' lang='lat' dir='ltr'><strong>illa</strong></span> <span class='ocrx_word' id='word_1_164' title='bbox 1047 1429 1231 1449; x_wconf 84' lang='lat' dir='ltr'><strong>sumemus:</strong></span> <span class='ocrx_word' id='word_1_165' title='bbox 1271 1430 1322 1449; x_wconf 86' lang='lat' dir='ltr'><strong>se-</strong></span> 
     </span>
    </p>
   </div>
   <div class='ocr_carea' id='block_1_3' title="bbox 196 1476 1319 1523">
    <p class='ocr_par' dir='ltr' id='par_1_4' title="bbox 196 1476 1319 1523">
     <span class='ocr_line' id='line_1_23' title="bbox 196 1476 1319 1523; baseline -0.002 -11"><span class='ocrx_word' id='word_1_166' title='bbox 196 1480 303 1512; x_wconf 80' lang='lat' dir='ltr'><strong>cunda</strong></span> <span class='ocrx_word' id='word_1_167' title='bbox 336 1491 414 1510; x_wconf 88' lang='lat' dir='ltr'><strong>vero</strong></span> <span class='ocrx_word' id='word_1_168' title='bbox 454 1477 610 1522; x_wconf 78' lang='lat' dir='ltr'><strong>quoniam</strong></span> <span class='ocrx_word' id='word_1_169' title='bbox 644 1476 889 1509; x_wconf 75' lang='lat' dir='ltr'><strong>evidentissime</strong></span> <span class='ocrx_word' id='word_1_170' title='bbox 922 1477 996 1510; x_wconf 81' lang='lat' dir='ltr'><strong>talis</strong></span> <span class='ocrx_word' id='word_1_171' title='bbox 1029 1486 1095 1518; x_wconf 83' lang='lat' dir='ltr'><strong>est,</strong></span> <span class='ocrx_word' id='word_1_172' title='bbox 1125 1479 1208 1523; x_wconf 82' lang='lat' dir='ltr'><strong>ut⁶)</strong></span> <span class='ocrx_word' id='word_1_173' title='bbox 1239 1478 1319 1510; x_wconf 87' lang='lat' dir='ltr'><strong>nihil</strong></span> 
     </span>
    </p>
   </div>
   <div class='ocr_carea' id='block_1_4' title="bbox 196 1557 277 1563">
    <p class='ocr_par' dir='ltr' id='par_1_5' title="bbox 196 1557 277 1563">
     <span class='ocr_line' id='line_1_24' title="bbox 196 1557 277 1563; baseline 0 0"><span class='ocrx_word' id='word_1_174' title='bbox 196 1557 277 1563; x_wconf 95' lang='lat' dir='ltr'><strong> </strong></span> 
     </span>
    </p>
   </div>
   <div class='ocr_carea' id='block_1_5' title="bbox 284 1599 943 1870">
    <p class='ocr_par' dir='ltr' id='par_1_6' title="bbox 289 1599 761 1645">
     <span class='ocr_line' id='line_1_25' title="bbox 289 1599 761 1645; baseline -0.004 -12"><span class='ocrx_word' id='word_1_175' title='bbox 289 1601 321 1645; x_wconf 89' lang='lat'><strong>¹)</strong></span> <span class='ocrx_word' id='word_1_176' title='bbox 346 1600 434 1634; x_wconf 87' lang='lat' dir='ltr'><strong>Edd.</strong></span> <span class='ocrx_word' id='word_1_177' title='bbox 459 1600 506 1632; x_wconf 86' lang='grc' dir='ltr'><strong>Μ.</strong></span> <span class='ocrx_word' id='word_1_178' title='bbox 533 1599 761 1641; x_wconf 78' lang='lat' dir='ltr'><strong>„videantur.“</strong></span> 
     </span>
    </p>

    <p class='ocr_par' dir='ltr' id='par_1_7' title="bbox 285 1656 792 1700">
     <span class='ocr_line' id='line_1_26' title="bbox 285 1656 792 1700; baseline -0.002 -12"><span class='ocrx_word' id='word_1_179' title='bbox 285 1657 319 1700; x_wconf 90' lang='lat'><strong>²)</strong></span> <span class='ocrx_word' id='word_1_180' title='bbox 343 1656 430 1688; x_wconf 86' lang='lat' dir='ltr'><strong>Edd.</strong></span> <span class='ocrx_word' id='word_1_181' title='bbox 455 1656 502 1688; x_wconf 84' lang='lat' dir='ltr'><strong>M.</strong></span> <span class='ocrx_word' id='word_1_182' title='bbox 529 1657 792 1700; x_wconf 54' lang='grc' dir='ltr'><strong>ἰ,Ρι-οἷειᾙῐηιη,“</strong></span> 
     </span>
    </p>

    <p class='ocr_par' dir='ltr' id='par_1_8' title="bbox 284 1711 706 1756">
     <span class='ocr_line' id='line_1_27' title="bbox 284 1711 706 1756; baseline 0.002 -13"><span class='ocrx_word' id='word_1_183' title='bbox 284 1713 318 1756; x_wconf 86' lang='lat'><strong>³)</strong></span> <span class='ocrx_word' id='word_1_184' title='bbox 343 1712 407 1744; x_wconf 80' lang='lat' dir='ltr'><strong>Ed.</strong></span> <span class='ocrx_word' id='word_1_185' title='bbox 433 1711 481 1744; x_wconf 87' lang='lat' dir='ltr'><strong>M.</strong></span> <span class='ocrx_word' id='word_1_186' title='bbox 507 1712 549 1745; x_wconf 89' lang='lat' dir='ltr'><strong>Il.</strong></span> <span class='ocrx_word' id='word_1_187' title='bbox 578 1715 706 1753; x_wconf 86' lang='lat' dir='ltr'><strong>„curn.“</strong></span> 
     </span>
    </p>

    <p class='ocr_par' dir='ltr' id='par_1_9' title="bbox 285 1767 943 1870">
     <span class='ocr_line' id='line_1_28' title="bbox 285 1767 943 1812; baseline 0.003 -12"><span class='ocrx_word' id='word_1_188' title='bbox 285 1769 319 1812; x_wconf 77' lang='lat'><strong>⁴)</strong></span> <span class='ocrx_word' id='word_1_189' title='bbox 345 1767 412 1800; x_wconf 81' lang='lat' dir='ltr'><strong>Cfr.</strong></span> <span class='ocrx_word' id='word_1_190' title='bbox 437 1767 556 1800; x_wconf 83' lang='lat' dir='ltr'><strong>Ezech.</strong></span> <span class='ocrx_word' id='word_1_191' title='bbox 580 1768 706 1801; x_wconf 86' lang='lat' dir='ltr'><strong>XXVl.</strong></span> <span class='ocrx_word' id='word_1_192' title='bbox 732 1777 765 1800; x_wconf 88' lang='lat' dir='ltr'><strong>et</strong></span> <span class='ocrx_word' id='word_1_193' title='bbox 788 1769 943 1802; x_wconf 78' lang='lat' dir='ltr'>XXVHL</span> 
     </span>
     <span class='ocr_line' id='line_1_29' title="bbox 286 1823 779 1870; baseline 0.002 -15"><span class='ocrx_word' id='word_1_194' title='bbox 286 1824 318 1867; x_wconf 88' lang='lat'><strong>⁵)</strong></span> <span class='ocrx_word' id='word_1_195' title='bbox 343 1823 405 1856; x_wconf 87' lang='lat' dir='ltr'><strong>Ed.</strong></span> <span class='ocrx_word' id='word_1_196' title='bbox 430 1824 478 1856; x_wconf 88' lang='lat' dir='ltr'><strong>M.</strong></span> <span class='ocrx_word' id='word_1_197' title='bbox 505 1824 529 1856; x_wconf 90' lang='grc' dir='ltr'><strong>Ι.</strong></span> <span class='ocrx_word' id='word_1_198' title='bbox 555 1824 779 1870; x_wconf 71' lang='grc' dir='ltr'><strong>,,Τ)ιοι·ι1πι“</strong></span> 
     </span>
    </p>
   </div>
   <div class='ocr_carea' id='block_1_6' title="bbox 189 1879 1316 2329">
    <p class='ocr_par' dir='ltr' id='par_1_10' title="bbox 189 1879 1316 2329">
     <span class='ocr_line' id='line_1_30' title="bbox 283 1879 1316 1925; baseline 0.003 -15"><span class='ocrx_word' id='word_1_199' title='bbox 283 1879 320 1922; x_wconf 76' lang='lat'><strong>⁶)</strong></span> <span class='ocrx_word' id='word_1_200' title='bbox 347 1879 430 1911; x_wconf 86' lang='lat' dir='ltr'><strong>Vide</strong></span> <span class='ocrx_word' id='word_1_201' title='bbox 463 1880 603 1911; x_wconf 86' lang='lat' dir='ltr'><strong>eundem</strong></span> <span class='ocrx_word' id='word_1_202' title='bbox 639 1879 818 1921; x_wconf 80' lang='lat' dir='ltr'><strong>Origenem</strong></span> <span class='ocrx_word' id='word_1_203' title='bbox 849 1879 932 1911; x_wconf 78' lang='lat' dir='ltr'><strong>infra</strong></span> <span class='ocrx_word' id='word_1_204' title='bbox 965 1879 1022 1911; x_wconf 87' lang='lat' dir='ltr'><strong>lib.</strong></span> <span class='ocrx_word' id='word_1_205' title='bbox 1047 1879 1103 1913; x_wconf 87' lang='grc' dir='ltr'>ῙΙῘ.</span> <span class='ocrx_word' id='word_1_206' title='bbox 1134 1882 1215 1925; x_wconf 78' lang='grc' dir='ltr'>πεοὶ</span> <span class='ocrx_word' id='word_1_207' title='bbox 1248 1880 1316 1925; x_wconf 72' lang='grc' dir='ltr'><strong>ἆρ-</strong></span> 
     </span>
     <span class='ocr_line' id='line_1_31' title="bbox 189 1924 1316 1971; baseline 0.004 -15"><span class='ocrx_word' id='word_1_208' title='bbox 189 1927 268 1970; x_wconf 73' lang='grc' dir='ltr'><strong>χῶν</strong></span> <span class='ocrx_word' id='word_1_209' title='bbox 294 1937 364 1968; x_wconf 77' lang='lat' dir='ltr'><strong>cap.</strong></span> <span class='ocrx_word' id='word_1_210' title='bbox 386 1925 427 1957; x_wconf 85' lang='lat' dir='ltr'><strong>ll.</strong></span> <span class='ocrx_word' id='word_1_211' title='bbox 452 1937 523 1968; x_wconf 81' lang='lat' dir='ltr'><strong>pag</strong></span> <span class='ocrx_word' id='word_1_212' title='bbox 557 1925 624 1967; x_wconf 85' lang='lat' dir='ltr'><strong>(ed.</strong></span> <span class='ocrx_word' id='word_1_213' title='bbox 648 1924 771 1968; x_wconf 77' lang='lat' dir='ltr'><strong>Ruaei)</strong></span> <span class='ocrx_word' id='word_1_214' title='bbox 798 1924 891 1964; x_wconf 57' lang='lat'><strong>138„</strong></span> <span class='ocrx_word' id='word_1_215' title='bbox 924 1925 981 1958; x_wconf 89' lang='lat' dir='ltr'><strong>lib.</strong></span> <span class='ocrx_word' id='word_1_216' title='bbox 1009 1925 1053 1956; x_wconf 86' lang='lat' dir='ltr'><strong>lV</strong></span> <span class='ocrx_word' id='word_1_217' title='bbox 1087 1928 1166 1967; x_wconf 63' lang='grc' dir='ltr'><strong>περὶ</strong></span> <span class='ocrx_word' id='word_1_218' title='bbox 1193 1926 1316 1971; x_wconf 76' lang='grc' dir='ltr'><em>ἀρχῶν</em></span> 
     </span>
     <span class='ocr_line' id='line_1_32' title="bbox 193 1969 1314 2014; baseline 0.004 -15"><span class='ocrx_word' id='word_1_219' title='bbox 193 1983 266 2014; x_wconf 66' lang='lat' dir='ltr'><strong>pag</strong></span> <span class='ocrx_word' id='word_1_220' title='bbox 292 1970 360 2011; x_wconf 73' lang='lat' dir='ltr'><strong>(ed.</strong></span> <span class='ocrx_word' id='word_1_221' title='bbox 385 1969 507 2011; x_wconf 76' lang='lat' dir='ltr'><strong>Runei)</strong></span> <span class='ocrx_word' id='word_1_222' title='bbox 534 1970 619 2009; x_wconf 63' lang='lat'>174„</span> <span class='ocrx_word' id='word_1_223' title='bbox 645 1979 674 2001; x_wconf 85' lang='lat' dir='ltr'><strong>et</strong></span> <span class='ocrx_word' id='word_1_224' title='bbox 701 1970 855 2002; x_wconf 81' lang='lat' dir='ltr'><strong>homilias</strong></span> <span class='ocrx_word' id='word_1_225' title='bbox 875 1970 928 2002; x_wconf 87' lang='lat' dir='ltr'><strong>lX.</strong></span> <span class='ocrx_word' id='word_1_226' title='bbox 955 1979 987 2001; x_wconf 89' lang='lat' dir='ltr'><strong>et</strong></span> <span class='ocrx_word' id='word_1_227' title='bbox 1011 1970 1053 2002; x_wconf 90' lang='lat' dir='ltr'><strong>X.</strong></span> <span class='ocrx_word' id='word_1_228' title='bbox 1078 1970 1112 2002; x_wconf 87' lang='lat' dir='ltr'><strong>in</strong></span> <span class='ocrx_word' id='word_1_229' title='bbox 1136 1972 1314 2012; x_wconf 85' lang='lat' dir='ltr'><strong>Numeros,</strong></span> 
     </span>
     <span class='ocr_line' id='line_1_33' title="bbox 191 2014 1314 2059; baseline 0.002 -13"><span class='ocrx_word' id='word_1_230' title='bbox 191 2016 249 2046; x_wconf 84' lang='lat' dir='ltr'><strong>ubi</strong></span> <span class='ocrx_word' id='word_1_231' title='bbox 280 2014 435 2046; x_wconf 78' lang='lat' dir='ltr'><strong>similiter</strong></span> <span class='ocrx_word' id='word_1_232' title='bbox 466 2015 565 2047; x_wconf 86' lang='lat' dir='ltr'><strong>docet</strong></span> <span class='ocrx_word' id='word_1_233' title='bbox 599 2015 810 2059; x_wconf 81' lang='lat' dir='ltr'><strong>prophetiam</strong></span> <span class='ocrx_word' id='word_1_234' title='bbox 843 2015 1028 2047; x_wconf 84' lang='lat' dir='ltr'><strong>Ezechielis</strong></span> <span class='ocrx_word' id='word_1_235' title='bbox 1060 2028 1120 2059; x_wconf 78' lang='lat' dir='ltr'><strong>cap</strong></span> <span class='ocrx_word' id='word_1_236' title='bbox 1124 2015 1314 2050; x_wconf 78' lang='lat' dir='ltr'><strong>..XXVIH</strong></span> 
     </span>
     <span class='ocr_line' id='line_1_34' title="bbox 190 2028 1313 2111; baseline 0.002 -20"><span class='ocrx_word' id='word_1_237' title='bbox 190 2073 258 2092; x_wconf 84' lang='lat' dir='ltr'><strong>non</strong></span> <span class='ocrx_word' id='word_1_238' title='bbox 283 2060 324 2091; x_wconf 87' lang='lat' dir='ltr'><strong>de</strong></span> <span class='ocrx_word' id='word_1_239' title='bbox 350 2059 483 2090; x_wconf 87' lang='lat' dir='ltr'><strong>homine</strong></span> <span class='ocrx_word' id='word_1_240' title='bbox 508 2072 583 2101; x_wconf 86' lang='lat' dir='ltr'><strong>rege</strong></span> <span class='ocrx_word' id='word_1_241' title='bbox 608 2060 706 2111; x_wconf 87' lang='lat' dir='ltr'><strong>lyri,</strong></span> <span class='ocrx_word' id='word_1_242' title='bbox 738 2060 795 2092; x_wconf 89' lang='lat' dir='ltr'><strong>sed</strong></span> <span class='ocrx_word' id='word_1_243' title='bbox 821 2072 889 2092; x_wconf 86' lang='lat' dir='ltr'><strong>esse</strong></span> <span class='ocrx_word' id='word_1_244' title='bbox 914 2028 1163 2100; x_wconf 70' lang='lat' dir='ltr'><strong>intelligeudpam</strong></span> <span class='ocrx_word' id='word_1_245' title='bbox 1188 2062 1230 2093; x_wconf 90' lang='lat' dir='ltr'><strong>de</strong></span> <span class='ocrx_word' id='word_1_246' title='bbox 1256 2074 1313 2093; x_wconf 78' lang='lat' dir='ltr'><strong>an-</strong></span> 
     </span>
     <span class='ocr_line' id='line_1_35' title="bbox 191 2104 1313 2149; baseline 0.004 -15"><span class='ocrx_word' id='word_1_247' title='bbox 191 2105 278 2146; x_wconf 62' lang='lat' dir='ltr'><strong>gelo,</strong></span> <span class='ocrx_word' id='word_1_248' title='bbox 304 2117 401 2148; x_wconf 72' lang='lat' dir='ltr'><strong>quem</strong></span> <span class='ocrx_word' id='word_1_249' title='bbox 428 2104 518 2136; x_wconf 74' lang='lat' dir='ltr'><strong>Deus</strong></span> <span class='ocrx_word' id='word_1_250' title='bbox 544 2105 682 2137; x_wconf 63' lang='lat' dir='ltr'><strong>echinis</strong></span> <span class='ocrx_word' id='word_1_251' title='bbox 707 2104 802 2148; x_wconf 75' lang='lat' dir='ltr'><strong>hujus</strong></span> <span class='ocrx_word' id='word_1_252' title='bbox 829 2105 918 2137; x_wconf 84' lang='lat' dir='ltr'><strong>urbis</strong></span> <span class='ocrx_word' id='word_1_253' title='bbox 942 2104 1093 2146; x_wconf 84' lang='lat' dir='ltr'><strong>regimini</strong></span> <span class='ocrx_word' id='word_1_254' title='bbox 1110 2118 1313 2149; x_wconf 77' lang='lat' dir='ltr'><strong>praeposue-</strong></span> 
     </span>
     <span class='ocr_line' id='line_1_36' title="bbox 190 2130 1312 2200; baseline 0.002 -19"><span class='ocrx_word' id='word_1_255' title='bbox 190 2150 246 2186; x_wconf 79' lang='lat' dir='ltr'><strong>rit</strong></span> <span class='ocrx_word' id='word_1_256' title='bbox 273 2161 449 2200; x_wconf 81' lang='lat' dir='ltr'><strong>quemque</strong></span> <span class='ocrx_word' id='word_1_257' title='bbox 464 2159 579 2193; x_wconf 80' lang='lat' dir='ltr'><strong>postea</strong></span> <span class='ocrx_word' id='word_1_258' title='bbox 606 2152 649 2181; x_wconf 80' lang='lat' dir='ltr'><strong>ob</strong></span> <span class='ocrx_word' id='word_1_259' title='bbox 673 2151 874 2194; x_wconf 81' lang='lat' dir='ltr'><strong>superbiam</strong></span> <span class='ocrx_word' id='word_1_260' title='bbox 901 2163 965 2194; x_wconf 85' lang='lat' dir='ltr'><strong>qua</strong></span> <span class='ocrx_word' id='word_1_261' title='bbox 980 2130 1095 2182; x_wconf 53' lang='lat' dir='ltr'><strong>Delatus</strong></span> <span class='ocrx_word' id='word_1_262' title='bbox 1120 2160 1179 2190; x_wconf 79' lang='lat' dir='ltr'><strong>est,</strong></span> <span class='ocrx_word' id='word_1_263' title='bbox 1204 2152 1236 2183; x_wconf 80' lang='lat' dir='ltr'><strong>in</strong></span> <span class='ocrx_word' id='word_1_264' title='bbox 1261 2151 1312 2183; x_wconf 76' lang='lat' dir='ltr'><strong>in-</strong></span> 
     </span>
     <span class='ocr_line' id='line_1_37' title="bbox 190 2193 1309 2246; baseline 0.002 -20"><span class='ocrx_word' id='word_1_265' title='bbox 190 2197 280 2226; x_wconf 75' lang='lat' dir='ltr'><strong>hros</strong></span> <span class='ocrx_word' id='word_1_266' title='bbox 304 2193 539 2237; x_wconf 77' lang='lat' dir='ltr'><strong>praecipitarit.</strong></span> <span class='ocrx_word' id='word_1_267' title='bbox 591 2195 748 2246; x_wconf 75' lang='lat' dir='ltr'><strong>Plerique</strong></span> <span class='ocrx_word' id='word_1_268' title='bbox 780 2195 878 2227; x_wconf 80' lang='lat' dir='ltr'><strong>etiam</strong></span> <span class='ocrx_word' id='word_1_269' title='bbox 911 2196 1025 2227; x_wconf 77' lang='lat' dir='ltr'><strong>Patres</strong></span> <span class='ocrx_word' id='word_1_270' title='bbox 1055 2195 1096 2227; x_wconf 84' lang='lat' dir='ltr'><strong>ad</strong></span> <span class='ocrx_word' id='word_1_271' title='bbox 1133 2205 1309 2239; x_wconf 77' lang='lat' dir='ltr'><strong>peccatum</strong></span> 
     </span>
     <span class='ocr_line' id='line_1_38' title="bbox 192 2239 1310 2284; baseline 0.003 -15"><span class='ocrx_word' id='word_1_272' title='bbox 192 2249 221 2271; x_wconf 77' lang='lat' dir='ltr'><strong>«t</strong></span> <span class='ocrx_word' id='word_1_273' title='bbox 257 2240 383 2283; x_wconf 74' lang='lat' dir='ltr'><strong>lapsum</strong></span> <span class='ocrx_word' id='word_1_274' title='bbox 409 2240 579 2271; x_wconf 69' lang='lat' dir='ltr'><strong>daemonis</strong></span> <span class='ocrx_word' id='word_1_275' title='bbox 613 2251 710 2284; x_wconf 75' lang='lat' dir='ltr'><strong>capnt</strong></span> <span class='ocrx_word' id='word_1_276' title='bbox 734 2239 817 2271; x_wconf 83' lang='lat' dir='ltr'><strong>illud</strong></span> <span class='ocrx_word' id='word_1_277' title='bbox 844 2240 1001 2273; x_wconf 86' lang='lat' dir='ltr'><strong>XXVlll.</strong></span> <span class='ocrx_word' id='word_1_278' title='bbox 1051 2239 1235 2273; x_wconf 82' lang='lat' dir='ltr'><strong>Ezechielis</strong></span> <span class='ocrx_word' id='word_1_279' title='bbox 1259 2253 1310 2272; x_wconf 89' lang='lat' dir='ltr'><strong>re-</strong></span> 
     </span>
     <span class='ocr_line' id='line_1_39' title="bbox 192 2284 1309 2329; baseline 0.002 -14"><span class='ocrx_word' id='word_1_280' title='bbox 192 2287 310 2319; x_wconf 64' lang='lat' dir='ltr'><strong>ferunt,</strong></span> <span class='ocrx_word' id='word_1_281' title='bbox 337 2284 420 2316; x_wconf 81' lang='lat' dir='ltr'><strong>Vide</strong></span> <span class='ocrx_word' id='word_1_282' title='bbox 436 2284 630 2317; x_wconf 61' lang='lat' dir='ltr'><strong>Tertullian.</strong></span> <span class='ocrx_word' id='word_1_283' title='bbox 648 2295 760 2317; x_wconf 71' lang='lat' dir='ltr'><strong>contra</strong></span> <span class='ocrx_word' id='word_1_284' title='bbox 776 2285 989 2317; x_wconf 70' lang='lat' dir='ltr'><strong>&#39;Marcionitas</strong></span> <span class='ocrx_word' id='word_1_285' title='bbox 1016 2284 1071 2317; x_wconf 88' lang='lat' dir='ltr'><strong>lib.</strong></span> <span class='ocrx_word' id='word_1_286' title='bbox 1093 2286 1131 2318; x_wconf 87' lang='lat' dir='ltr'><strong>ll.</strong></span> <span class='ocrx_word' id='word_1_287' title='bbox 1156 2298 1225 2329; x_wconf 78' lang='lat' dir='ltr'><strong>cap.</strong></span> <span class='ocrx_word' id='word_1_288' title='bbox 1248 2286 1309 2325; x_wconf 62' lang='lat'><strong>10„</strong></span> 
     </span>
    </p>
   </div>
  </div>
 </body>
</html>
