1404 2463
397 112 442 135 nss
466 102 661 136 Pssmcmns
684 100 798 132 Lmen
825 99 847 131 1.
1144 97 1187 132 43

7 202 11 234 {⁴
61 193 195 234 faceret,
219 192 412 237 priusquam
435 191 641 236 produceret
664 190 773 222 fomes
799 201 980 233 aquarum,
1012 198 1190 234 antequam

8 275 11 282 ι
61 255 275 287 firmarentur
290 255 321 299 Ι)
345 262 487 292 montes,
513 261 590 285 ante
615 263 730 283 omnes
753 259 865 283 autem
885 251 990 283 colles
1007 260 1142 292 generat
1155 251 1189 295 ²)

62 320 148 349 me.“
196 315 332 348 Dicitur
354 325 464 348 autem
490 323 524 346 et
547 312 800 357 primogenitus,
824 313 910 344 sicut
934 312 1017 344 dixit
1044 314 1192 356 Aposto-

6 382 11 402 ἓν
63 377 131 410 lus:
158 377 296 421 „Qui³)
321 386 369 409 est
392 374 638 420 primogenitus
663 373 772 406 omnis
798 377 1002 406 creaturae.“
1048 374 1119 406 Nec
1143 382 1193 405 ta-

62 451 141 471 men
163 438 248 471 alius
272 446 321 471 est
344 436 585 482 primogenitus
608 447 670 480 per
692 444 862 474 naturam,
894 447 992 479 quam
1016 432 1192 478 sapientia,

9 529 11 534 Α
63 500 122 532 sed
144 512 230 532 unus
253 508 351 544 atque
381 499 470 531 idem
504 506 562 530 est.
615 495 773 540 Denique
805 506 838 529 et
868 496 1042 540 apostolus
1069 494 1194 527 Paulus

5 555 11 584 ’Δ
65 560 163 593 dicit:
190 560 360 601 „Christus
374 560 408 604 ⁴)
432 558 500 591 Dei
525 558 629 590 virtus
654 567 686 590 et
711 557 778 590 Dei
800 557 994 602 sapientia.“

152 621 183 656 2.
229 622 338 654 Nemo
364 617 479 653 tamen
497 629 594 664 putet
617 619 746 664 aliquid
760 632 822 652 nos
839 618 1116 652 insubstantivum
1143 617 1194 650 di-

66 695 160 722 cere,
190 695 267 715 cum
301 695 377 714 eum
401 680 468 714 Dei
493 680 690 726 sapientiam
715 681 947 722 nominamus3
987 680 1022 712 id
1053 689 1120 719 est,
1158 688 1198 711 ut

65 743 210 788 exempli
234 755 330 775 causa
353 741 518 783 finxerim,
542 742 636 786 quod
652 755 729 776 eum
753 756 822 776 non
839 743 931 775 velut
946 741 1068 774 animal
1087 741 1195 786 quod-

65 804 141 837 dam
165 803 307 849 sapiens,
328 805 388 837 sed
411 817 483 837 rem
508 804 665 850 aliquam,
694 817 778 849 quae
800 804 964 850 sapientes
989 803 1122 842 efficiat,
1146 802 1197 835 in-

65 865 264 907 telligamus,
288 866 506 910 praebentem
531 878 566 898 se
591 875 625 898 et
647 867 815 899 mentibus
839 866 1042 898 inserentem
1067 877 1197 903 eorum,

66 926 125 971 qui
163 939 301 971 capaces
337 926 498 960 virtutum
535 926 605 974 ejus
640 937 739 972 atque
775 927 1014 969 intelligentiae
1051 926 1196 969 fiunt.⁵)

65 988 149 1031 Sifi)
176 1001 253 1030 ergo
279 989 384 1020 semel
414 998 504 1020 recte
533 998 709 1034 receptum
742 998 811 1029 est,
838 988 1046 1030 unigenitum
1070 988 1197 1021 Filium

65 1049 133 1082 Dei
157 1049 353 1094 sapientiam
379 1048 448 1094 ejus
475 1061 544 1082 esse
566 1050 827 1083 substantialiter
856 1049 1111 1089 subsistentem,
1141 1062 1199 1081 ne-

67 1111 183 1156 scio⁷)
209 1111 236 1144 si
260 1110 326 1157 jam
357 1111 445 1143 ultra
476 1112 607 1153 evagari
636 1125 750 1145 sensus
780 1120 896 1144 noster
926 1112 1048 1144 debeat
1080 1112 1121 1143 ad
1144 1124 1199 1143 su-

69 1172 286 1217 spicandum,
317 1172 405 1217 ne⁸)
437 1172 526 1204 sorte
551 1173 622 1218 ipsa
652 1171 869 1217 ὑπόστασις,
899 1172 936 1205 id
961 1180 1025 1214 est,
1049 1172 1200 1204 substan-

165 1313 196 1357 ¹)
222 1313 307 1345 Edd.
333 1313 382 1347 M.
408 1313 683 1354 „formarentur-‚ss

165 1371 199 1413 ἓ)
225 1369 280 1401 sic
305 1369 384 1401 Mss.
409 1368 501 1401 Alias
526 1370 572 1413 (v.
599 1382 626 1402 c.
651 1368 684 1401 in
710 1369 786 1401 edd.
812 1368 877 1412 Μ.)
907 1367 1072 1409 „genuit.“
1101 1368 1142 1401 R.

164 1425 199 1468 ³)
225 1424 357 1457 coloss.
381 1424 405 1465 l,
433 1422 485 1458 15.

165 1479 199 1524 ⁴)
225 1480 294 1514 cfr.
322 1480 332 1511 ι
361 1479 441 1514 cor.
467 1481 491 1522 1,
516 1480 570 1515 24.
595 1500 637 1506 —
671 1480 728 1513 εἰς
759 1467 849 1513 Μεεξ
871 1479 1003 1524 (itemq.
1035 1479 1109 1512 edd.
1132 1479 1200 1522 M.)

74 1525 182 1558 Alias:
211 1525 385 1567 „Christus
408 1525 476 1557 Dei
501 1525 604 1558 virtus
630 1535 663 1558 et
686 1525 880 1570 sapientias*
906 1525 936 1557 R

167 1581 200 1626 ⁵)
224 1581 281 1614 Sic
305 1581 386 1613 Mss.
413 1580 502 1614 Alias
527 1585 571 1626 (v.
598 1595 626 1615 c.
650 1580 684 1613 in
710 1582 784 1614 edd.
810 1582 876 1624 Μ.)
903 1578 1080 1620 „fuerint.“
1106 1580 1146 1612 R.

167 1637 201 1682 ⁶)
225 1637 363 1669 Exstant
386 1637 468 1669 haec
491 1651 582 1683 seqq.
607 1637 642 1670 in
663 1638 809 1682 Apolog.
827 1635 1005 1680 Pamphili.
1024 1635 1095 1667 Csr.
1110 1635 1202 1679 Opp.

77 1681 173 1724 Orig.
198 1682 248 1714 ed.
274 1683 315 1714 R.
340 1683 440 1716 Tom.
460 1683 515 1715 lV.
548 1683 703 1727 Append.
729 1695 802 1728 pag.
824 1682 879 1716 25.
912 1680 991 1713 coll.
1018 1680 1070 1714 ed.
1094 1689 1201 1713 nostr.

77 1728 178 1761 Tom.
201 1727 327 1761 XXIV.
351 1740 425 1772 pag.
447 1727 525 1762 329.
550 1741 619 1773 seq.

172 1782 207 1826 ⁷)
232 1782 318 1815 Edd.
342 1783 391 1816 M.
409 1784 544 1824 „nescio
558 1783 585 1816 si
603 1783 732 1825 evagari
747 1783 836 1816 ultra
855 1794 968 1815 sensus
986 1782 1121 1812 noster“
1141 1788 1204 1812 etc.

170 1838 206 1882 ⁸)
232 1839 279 1870 Ita
310 1839 408 1878 Mss.‚
440 1839 473 1871 in
505 1839 625 1884 quibus
653 1849 766 1871 tamen
798 1847 873 1871 ante
904 1849 978 1869 voc.
1010 1834 1208 1872 ὑπόστασις

81 1891 255 1928 comparet
285 1884 346 1916 alia
383 1898 445 1917 vox
476 1897 590 1926 graeca
623 1884 669 1917 sic
702 1884 884 1916 delineata:
926 1885 1083 1923 IPIYA,
1121 1891 1208 1924 quae

81 1929 162 1975 quid
194 1928 257 1960 sibi
287 1929 385 1969 velit,
422 1943 464 1962 ne
495 1930 688 1976 conjectura
724 1930 860 1974 quidem
898 1926 1027 1970 assequi
1061 1938 1208 1971 possum,

82 1974 146 2008 nisi
171 1974 258 2006 sorte
284 1974 432 2015 legatur:
457 1977 544 2009 ἰδία.
581 1977 617 2007 ln
641 1974 735 2007 libris
760 1984 855 2006 antea
881 1971 978 2005 editis
1006 1972 1054 2015 (v.
1079 1985 1105 2004 c.
1131 1970 1208 2002 edd.

82 2021 150 2063 M.)
177 2019 312 2060 legitur:
350 2032 410 2059 „ne
435 2021 522 2052 sorte
545 2019 617 2064 ipsa
641 2021 735 2052 ideae
759 2017 940 2052 substantia
966 2016 1067 2060 cjus.“
1100 2017 1140 2049 R.
1167 2035 1205 2040 —

82 2065 178 2097 Idem
201 2073 313 2096 tamen
336 2064 469 2097 Ruaeus
495 2066 640 2109 Apolog.
666 2066 805 2109 Pamph.
839 2065 903 2096 loc.
929 2062 1017 2094 laud.
1042 2062 1076 2093 in
1099 2070 1211 2093 textu:

87 2122 148 2152 „ne
173 2109 261 2141 forte
284 2109 355 2152 ipsa
384 2109 594 2142 subsistentia
624 2110 693 2155 ejus
726 2112 948 2154 corporeum“
982 2116 1056 2145 etc„
1089 2106 1122 2138 in
1148 2119 1209 2137 no-

83 2155 142 2188 tis:
168 2155 237 2195 „lta
262 2154 338 2186 Mas.
363 2154 526 2199 plerique.
551 2155 631 2187 Mss.
658 2168 736 2187 vero
762 2154 916 2199 quidam,
947 2161 980 2185 et
1004 2151 1084 2184 editi
1109 2152 1155 2195 (v.
1183 2163 1210 2182 c.

87 2201 163 2233 edd.
190 2200 255 2243 Μ.)
286 2212 327 2233 ne
357 2202 448 2242 forte
470 2202 549 2244 ipsa
575 2201 769 2233 substantia
798 2203 871 2242 ejus
902 2207 964 2230 ete.
1011 2196 1104 2228 Libri
1130 2195 1210 2228 editi

86 2249 170 2289 περὶ
201 2245 343 2288 ἀρχῶνε
382 2258 423 2278 ne
459 2247 548 2288 forte
578 2247 655 2290 ipsa
685 2247 780 2278 ideae
816 2244 1011 2279 substantia
1041 2244 1114 2284 ejus
1146 2249 1208 2272 etc.

85 2291 165 2324 Mss.
191 2303 269 2322 vtro
296 2291 480 2323 eorundem
506 2291 688 2323 librorum:
713 2303 754 2324 ue
777 2292 866 2333 forte
886 2291 1033 2323 IIIIYA
1048 2285 1210 2321 ὑπόστα-
