1404 2463
0 143 2 153 ι

0 158 2 196 Ι

0 197 2 215 ν

380 114 426 136 DE
451 105 646 137 ancmns
672 104 783 136 Lmen
810 104 865 137 ΙΙΙ.
1131 104 1197 139 365

62 203 163 223 mors.
212 192 305 224 Nihil
330 193 417 224 enim
444 192 672 236 omnipotenti
696 192 906 235 impossibiie
935 202 998 233 est,
1025 205 1086 225 nec
1110 193 1197 226 insa-

58 251 170 284 nabile
196 262 245 284 est
269 253 396 297 aliquid
424 253 542 285 factori
568 266 647 285 suo:
673 262 855 296 propterea
877 253 965 285 enim
986 254 1064 286 secit
1084 255 1196 287 omnia

60 321 96 344 ut
122 322 247 353 essent,
273 323 305 345 et
331 327 414 358 quae
440 315 524 346 sacta
549 323 643 356 sunt,
667 323 703 345 ut
731 323 858 352 essent,
890 327 957 346 non
977 315 1004 358 ¹)
1032 328 1102 346 esse
1127 329 1195 347 non

60 382 211 415 possunt.
261 374 453 419 propiet-²)
479 376 569 419 quod
596 375 867 407 immutationem
894 375 1030 419 quidem
1057 376 1196 408 varieta-

56 442 194 478 temque
218 434 398 478 recipient,
432 435 476 467 ita
507 444 545 467 ut
576 448 639 479 pro
663 435 791 468 meritis
824 436 875 468 vel
899 435 931 467 in
958 436 1110 475 meliori,
1143 438 1195 469 vel

57 494 91 525 in
117 494 279 526 deteriori
305 497 488 528 habeantur
511 505 616 528 statu:
641 496 892 528 substantialem
919 509 998 529 vero
1024 496 1196 529 interitum

59 567 112 594 ca,
144 568 228 599 quae
260 569 278 587 a
302 556 378 588 Deo
412 557 452 588 ad
466 557 498 600 ³)
532 558 597 589 hoc
623 557 709 589 facta
734 566 811 589 sunt
836 567 872 589 ut
898 567 1026 597 essent,
1062 567 1095 589 et
1120 571 1195 601 per-

57 625 248 655 manerent,
282 616 434 660 recipere
460 630 534 661 ‘non
565 627 717 662 possunt.
772 619 848 650 Non
883 619 972 650 enim
1004 631 1088 662 quae
1121 619 1195 662 opi-

56 676 158 708 nione
183 676 272 718 vulgi
296 676 434 710 interire
461 679 702 722 creduntur,⁴)
728 678 891 711 continuo
917 678 1017 710 etiarn
1037 680 1087 711 vel
1106 680 1198 721 fidei,

58 737 110 768 vel
143 736 293 770 veritatis
323 738 409 770 ratio
438 752 476 772 ea
507 740 646 772 interire
672 739 888 772 consenserit.
936 739 1094 783 Denique
1119 752 1196 772 caro

57 806 170 829 nostra
201 798 242 829 ab
275 798 440 843 imperitis
472 810 505 832 ct
530 800 723 832 infidelibus
749 801 792 832 ita
819 809 896 844 post
921 809 1066 832 mortem
1094 801 1197 844 depe—

56 857 122 890 rire
156 857 419 904 existimatur,⁵)
457 871 494 893 ut
524 861 609 893 nihil
634 874 773 905 prorsus
797 860 966 905 reliquum
991 861 1195 893 substantiae

55 931 134 951 suae
162 919 285 952 habere
318 922 482 956 credatur.
531 924 601 955 Nos
616 922 650 966 6)
684 935 782 961 vero,
821 921 878 965 qui
913 923 1194 954 resurrectionem

57 979 128 1024 ejus
151 980 339 1021 credimus,
364 982 635 1015 immutationem
662 983 733 1027 ejus
757 983 994 1014 tantummodo
1019 995 1081 1026 per
1104 995 1196 1014 mor-

55 1049 123 1073 tem
160 1042 282 1074 factam
314 1042 549 1084 intelligimus:
587 1044 803 1076 substantiam
838 1056 918 1075 vero
957 1042 1027 1087 ejus
1066 1053 1195 1075 certum

56 1110 105 1134 est
128 1114 343 1146 permanere,
378 1113 410 1136 et
435 1105 609 1137 voluntate
635 1105 793 1138 creatoris
818 1104 887 1144 sui,
925 1113 1086 1148 certoque
1111 1113 1196 1135 tem—

54 1175 140 1206 pore
163 1176 276 1195 rursus
300 1165 448 1208 reparari
473 1166 513 1197 ad
540 1166 659 1206 vitam,
694 1176 793 1210 atque
826 1165 948 1197 iterum
974 1165 1196 1208 permutatio-

55 1236 133 1256 nem
158 1223 228 1270 ejus
252 1224 344 1264 fieri,
376 1234 411 1256 ut
437 1239 520 1269 quae
545 1227 658 1270 primo
684 1220 749 1258 suit
775 1239 851 1258 caro
878 1239 915 1257 ex
941 1235 1028 1257 terra
1053 1234 1195 1279 terrena,

55 1293 126 1317 tum
160 1285 283 1318 deinde
317 1286 479 1318 dissoluta
511 1299 572 1330 per
601 1296 766 1325 mortem,
798 1296 832 1319 et
855 1286 976 1318 iterum
1002 1286 1088 1318 facta
1114 1286 1194 1318 cinis

56 1358 93 1377 ac
123 1354 230 1378 terra:
272 1347 451 1390 „quoniam
468 1348 500 1391 ⁷)
534 1357 620 1379 terra
653 1352 726 1387 es‚“
764 1348 890 1391 inquit,
932 1346 1043 1387 „etin
1071 1356 1193 1379 terram

55 1405 165 1439 ibis:“
203 1420 334 1438 rursum
367 1409 585 1440 resuscitetur
617 1420 634 1439 e
665 1417 770 1447 terra,
808 1408 887 1451 ete)
920 1417 997 1450 post
1032 1407 1097 1440 hoc
1129 1408 1195 1453 jam

58 1476 163 1511 prout
196 1467 354 1499 meritum
387 1468 602 1500 inhabitantis
641 1469 772 1501 animae
803 1468 1020 1512 poposcerit,
1059 1468 1092 1500 in
1123 1468 1196 1510 glo-

58 1529 142 1561 riam
155 1530 188 1573 9)
216 1528 371 1572 corporis
395 1529 550 1573 proficiat
567 1530 619 1573 ¹⁰)
645 1526 836 1574 spirituali&

160 1640 191 1682 ¹)
217 1640 288 1673 Cfr.
315 1640 366 1672 ed.
393 1640 522 1684 Redep.
548 1653 621 1684 pag.
647 1639 723 1674 324.
748 1649 820 1672 not.
848 1639 878 1673 9.

151 1696 185 1740 ²)
212 1695 268 1729 Sic
296 1696 373 1727 Mss.
400 1695 492 1727 Editi
519 1696 565 1739 (v.
593 1708 620 1729 c.
646 1695 723 1728 edd.
748 1696 813 1738 M.)
849 1695 1056 1739 „Propterea
1087 1705 1196 1728 muta-

57 1741 185 1773 tionem
212 1740 371 1783 quidem“
398 1749 460 1773 etc.
488 1741 526 1773 R.

151 1797 184 1839 ³)
211 1795 267 1828 Sic
285 1795 366 1827 Mss.
385 1795 421 1826 ln
441 1795 539 1827 editis
554 1796 600 1839 (v.
620 1808 645 1827 c.
662 1796 737 1827 edd.
753 1795 819 1839 M.)
836 1795 946 1827 deest:
968 1795 1029 1836 „ad
1048 1795 1195 1829 hoc.“R.

148 1850 183 1894 ⁴²)
208 1850 265 1883 Sic
289 1850 370 1882 Mss.
395 1851 488 1883 Editi
514 1853 560 1896 (ν,
588 1865 613 1883 c.
642 1851 718 1883 edd.
745 1850 808 1894 M.)
837 1849 1048 1891 „dicuntur.“
1075 1851 1114 1882 R.
1240 1848 1251 1855 κ

150 1906 182 1948 ⁵)
209 1906 272 1938 Ed.
299 1906 346 1937 M.
372 1905 398 1938 I.
427 1907 673 1946 ,‚aestimatur.“

152 1961 185 2001 ὃ)
212 1960 298 1992 Vide
324 1959 381 1992 lib.
404 1961 441 1993 ΙΙ.
469 1962 706 2003 Origenianor.
734 1969 858 2006 quaest.
879 1961 937 1993 IX.
955 1974 1046 1992 num.
1065 1960 1096 1995 6.
1116 1961 1193 1994 ςοΙΙ.

58 2007 110 2039 etl.
136 2005 266 2048 Redep.
292 2017 365 2048 pag.
390 2005 466 2039 324.
492 2016 565 2039 not.-
590 2007 641 2041 19.
786 2007 818 2050 ⁷)
844 2005 930 2038 Gen.
958 2007 1018 2054 ΙΙΙ,
1046 2005 1096 2040 19.

147 2063 182 2105 Β)
208 2061 266 2094 Sic
294 2061 373 2094 Mss.
397 2061 489 2094 Editi
515 2064 561 2106 (v.
588 2075 614 2094 c.
641 2062 715 2094 edd.
742 2061 808 2104 M.)
842 2070 898 2101 „et
930 2070 1008 2105 post
1039 2062 1103 2093 hoc
1129 2060 1195 2106 jam

58 2105 149 2138 velut
173 2106 353 2138 meritum“
381 2115 441 2139 etc.
467 2107 495 2139 R

150 2161 183 2204 ⁹)
210 2161 267 2193 Sic
295 2162 372 2195 Mss,
404 2162 536 2206 (itemq.
565 2162 615 2195 cd.
642 2162 689 2194 M.
710 2161 751 2205 Ι.)
776 2160 868 2193 Editi
888 2161 936 2205 (v.
957 2173 982 2193 c¹
1003 2161 1055 2192 ed.
1073 2160 1120 2193 M.
1137 2160 1194 2203 ΙΙ.)

59 2206 218 2246 „gloriaf‘
245 2207 284 2239 R.
399 2221 403 2223 ’

132 2261 185 2305 ¹⁰)
211 2261 268 2294 Sic
293 2262 371 2295 Mss.
398 2262 491 2294 Editi
517 2263 563 2306 (v.
591 2275 616 2294 c.
644 2263 718 2296 cdd.
744 2262 810 2307 M.)
839 2261 1048 2307 ‚‚prosscict.“
1076 2261 1114 2294 Ρι.
