1404 2463
207 107 272 141 260
676 109 851 142 Omoemus

211 197 347 241 quidem
380 197 470 241 quod
502 198 628 229 bonum
661 208 725 238 est,
762 198 954 238 laudabilis,
988 198 1019 231 in
1051 200 1221 243 sequendo
1253 213 1332 232 vcro

211 260 303 303 quod
328 268 436 303 turpe,
461 259 513 290 vel
539 260 663 292 malum
689 269 748 299 est,
773 259 844 305 jure
871 260 1046 305 culpabilis
1071 260 1247 305 judicetur.
1289 263 1332 293 ll-

211 321 269 353 lud
294 333 370 353 sane
394 333 602 365 nequaquam
630 322 730 353 latere
756 335 816 354 nos
844 323 953 362 debet,
991 323 1083 367 quod
1109 324 1140 354 in
1164 324 1334 355 nonnullis

209 383 308 415 mutis
339 382 535 414 animalibus
568 383 753 415 ordinatior
784 384 921 427 quidem
953 394 1064 416 motus
1096 386 1179 427 ac')
1216 385 1334 417 ceteris

209 445 405 478 animalibus
429 444 606 483 invenitur,
633 454 671 476 ut
693 444 726 477 in
753 445 920 486 sagacibus
946 446 1092 485 canibus,
1117 447 1168 478 vel
1192 446 1335 478 bellato—

211 507 300 539 ribus
331 506 442 551 equis,
484 507 530 538 ita
562 516 598 538 ut
631 507 806 539 videantur
837 508 1004 552 aliquibus
1029 508 1117 539 velut
1143 500 1335 540 rationabili

210 569 356 613 quodam
381 580 476 599 sensu
501 568 638 600 moveri.
686 568 754 601 Sed
790 568 824 600 id
857 581 925 600 non
956 578 1022 600 tam
1049 569 1196 608 ratione,
1235 582 1333 613 quam

210 630 378 663 incentivo
406 630 551 674 quodam
578 639 609 662 et
633 630 774 662 naturali
799 640 905 669 motu,
929 632 1039 674 pr02)
1058 630 1252 675 hujusmodi
1267 630 1337 663 usi.

209 694 271 725 bus
304 692 422 733 largius
453 691 607 729 indulto,
644 691 716 724 fieri
742 692 944 724 credendum
970 701 1027 725 est.
1076 694 1199 724 Verum
1226 702 1260 725 ut
1286 693 1336 724 di-

211 767 285 787 cere
311 766 538 798 coeperamus,
564 766 638 785 cum
664 754 708 785 ita
733 766 765 786 se
791 754 910 785 habeat
932 753 1176 798 rationabile3)
1203 754 1335 793 animal,

209 815 305 849 nobis
339 815 528 847 hominibus
558 815 704 847 incidere
745 815 925 860 quidem⁴)
960 816 1163 848 extrinsecus
1194 824 1337 860 possunt

210 879 318 922 aliqua
345 886 378 909 et
401 889 577 909 occurrere
603 877 672 909 sive
697 877 739 908 ad
764 877 887 915 visum,
920 876 988 909 sive
1013 878 1054 909 ad
1079 877 1248 917 auditum,
1283 877 1336 910 vel

211 940 251 972 ad
286 940 371 971 alios
400 951 531 977 sensus,
571 951 655 982 quac
685 951 746 970 nos
779 938 946 970 concitent
976 952 1013 970 ac
1026 939 1058 984 ⁵)
1084 949 1271 983 provocent
1295 939 1335 971 ad

211 1004 321 1034 bonos
347 1001 398 1032 vel
425 1000 609 1033 contrarios
635 1009 764 1042 motus3
787 1012 871 1044 quae
894 998 1009 1043 utique
1035 1002 1111 1045 quia
1135 1001 1336 1033 extrinsecus

211 1063 370 1101 incidunt,
395 1075 462 1094 non
490 1072 537 1094 est
561 1061 594 1094 in
619 1071 732 1094 nostra
756 1060 904 1105 positum
928 1071 1093 1104 potestate
1116 1075 1157 1094 ne
1176 1062 1336 1102 incidant,

210 1125 263 1156 vel
288 1133 480 1156 occurrant:
518 1123 664 1168 judicare
698 1135 778 1155 vero
810 1131 842 1154 et
871 1123 1015 1166 probare
1041 1123 1184 1167 qualiter
1205 1124 1259 1156 uti
1280 1125 1337 1156 de-

210 1187 346 1219 beamus
382 1186 448 1225 his,
484 1198 568 1230 quae
602 1184 771 1223 incidunt,
808 1183 934 1216 nullius
965 1184 1101 1217 alterius
1131 1198 1183 1217 res
1207 1194 1256 1218 est
1281 1185 1336 1217 vel

210 1249 308 1293 (110)
335 1261 418 1293 opus
449 1248 512 1280 nisi
536 1246 673 1279 rationis
705 1246 791 1292 ejuS,
824 1258 906 1290 quae
940 1255 988 1278 est
1017 1245 1050 1278 in
1074 1247 1189 1287 nobis,
1226 1247 1262 1280 id
1287 1256 1336 1280 est

210 1310 315 1342 nostri
345 1309 479 1355 judicii;
519 1308 610 1353 cujus
644 1308 782 1340 rationis
813 1306 938 1351 judicio
967 1306 1189 1340 incidentibus
1213 1308 1336 1341 extrin-

210 1385 303 1404 secus
335 1370 588 1404 concitamentis
620 1370 788 1402 abutimur
802 1369 835 1412 ⁶)
859 1369 901 1401 ad
924 1369 976 1409 id,
1014 1370 1241 1414 quodcunque
1264 1369 1335 1414 ipsa

209 1433 294 1465 ratio
320 1431 523 1476 probaverit,
548 1431 755 1463 naturalibus
779 1430 926 1462 motibus
950 1430 1070 1463 nostris
1094 1440 1178 1463 nutu
1194 1430 1264 1475 ejus
1282 1431 1335 1464 vel

210 1495 251 1527 ad
275 1495 373 1533 bona,
397 1493 449 1525 vel
473 1494 515 1526 ad
542 1492 707 1525 contraria
722 1494 750 1535 ἲ)
775 1492 972 1533 gubernatis.

299 1556 329 1589 4.
377 1555 414 1589 Si
447 1568 525 1587 vero
552 1554 625 1598 quis
650 1554 737 1586 dicat
763 1567 814 1593 ea,
847 1566 932 1597 quae
956 1553 1156 1586 extrinsecus
1179 1553 1336 1585 accidunt

211 1626 321 1650 motus
355 1627 486 1649 nostros
518 1615 752 1660 provocantia,
784 1615 862 1648 talia
893 1628 980 1655 esse,
1011 1624 1049 1647 ut
1080 1614 1240 1659 possibile
1264 1627 1333 1647 non

212 1678 254 1711 sit
278 1678 444 1711 adversari
468 1677 518 1717 iis,
543 1678 610 1710 sive
637 1678 677 1709 ad
702 1678 839 1716 bonum,
863 1676 931 1709 sive
956 1677 997 1709 ad
1021 1676 1147 1709 malum
1169 1689 1230 1709 nos
1255 1689 1334 1709 con-

213 1740 406 1773 citantibus:
444 1740 479 1772 in
510 1754 544 1772 se
578 1740 687 1785 ipsum
719 1738 904 1783 paulisper,
943 1738 998 1783 qui
1022 1738 1086 1770 hoc
1111 1738 1283 1778 existimat,
1295 1737 1328 1782 8)

216 1812 386 1835 convertat
415 1802 582 1841 animum,
623 1811 654 1833 et
684 1800 841 1845 proprios
865 1800 1054 1842 diligentius
1077 1799 1332 1845 introspiciat9)

305 1957 335 1996 ¹)
360 1954 465 1986 Deest
491 1957 569 1994 „ac“
597 1953 630 1985 in
657 1953 732 1985 edd.
759 1952 806 1984 M.

301 2011 335 2053 ²)
358 2009 445 2042 Edd.
470 2010 518 2042 M.
545 2021 626 2052 „pro
653 2007 883 2053 hujuscemodi
907 2010 999 2039 usu.“

302 2067 335 2107 ³)
362 2065 447 2098 Edd.
473 2065 520 2097 M.
548 2063 828 2105 „irrationabile.“
880 2063 913 2108 ⁴)
931 2063 1017 2097 Edd.
1042 2063 1089 2097 M.
1115 2065 1328 2108 „quaedam.“

304 2121 333 2164 5)
363 2121 450 2153 Edd.
477 2121 524 2153 Μ,
553 2124 635 2162 „et.“
747 2120 780 2160 ⁶)
805 2119 867 2151 Ed.
887 2120 936 2152 M.
962 2120 1003 2152 ll.
1029 2120 1236 2160 „ducimur.“

304 2176 337 2220 7)
361 2176 416 2209 Sic
441 2177 519 2209 Mss.
546 2176 707 2209 Merlinus
734 2189 828 2208 vcro:
862 2176 999 2217 „malafl
1026 2177 1066 2209 R.

297 2233 331 2275 ⁸)
356 2232 418 2264 Ed.
444 2232 490 2264 M.
518 2233 540 2265 l.
568 2232 768 2272 „aestimat.‘·‘

298 2289 332 2331 9)
357 2288 412 2321 Sic
439 2289 515 2320 Mss.
539 2288 718 2320 Merlinus:
747 2289 951 2333 »inspiciat.“
981 2288 1021 2321 R.
