1404 2463
207 88 273 125 256
681 92 853 127 Onissssms

210 184 251 215 de
271 183 301 226 ¹)
333 180 478 224 Origene
510 182 595 215 male
629 183 740 228 loqui,
781 184 941 216 continuo
958 184 992 228 Ἰ)
1022 185 1074 224 id,
1109 193 1146 216 ut
1178 186 1329 224 arbitror,

208 254 424 291 prosecutum
456 245 613 289 probasti.
661 245 762 288 Quod
793 245 818 277 si
851 245 883 277 in
917 245 977 277 illo
1010 259 1111 290 opere
1136 246 1180 279 ita
1204 247 1331 280 inflam—

210 307 291 339 mati
320 315 395 338 sunt
427 306 478 347 hi,
510 306 565 351 qui
596 307 769 339 hominum
796 307 923 348 linguas
949 308 988 339 ad
1014 309 1100 340 male
1126 309 1330 353 loquendum

209 369 350 401 excitant
374 369 564 408 daemones,
589 369 620 401 in
646 382 712 413 quo
739 370 886 401 nondum
914 382 1029 401 eorum
1054 379 1179 402 secreta
1203 370 1243 402 ad
1260 370 1331 414 ple-

209 445 286 463 nurn
312 431 510 462 nudaverat:
535 431 615 475 quid
640 431 672 462 in
699 431 762 463 lioc
781 432 930 463 futurum
950 441 1056 475 putas,
1080 431 1113 463 in
1131 444 1197 476 quo
1218 444 1331 463 omnes

211 506 327 525 eorum
357 505 467 525 caecas
499 502 531 524 et
557 493 703 524 occultas
736 492 818 532 vias,
852 493 971 537 quibus
1001 493 1150 525 humanis
1177 493 1333 525 cordibus

208 555 375 598 irrepunt,
410 563 442 585 et
466 553 590 585 animas
613 552 758 586 infirmas
783 567 819 586 ac
843 554 976 596 fragiles
1002 555 1182 598 decipiunt,
1206 555 1334 587 revela-

212 616 283 649 bit?
316 615 455 647 Videbis
486 615 578 647 illico
612 616 799 659 perturbari
827 616 957 656 omnia,
987 615 1169 648 seditiones
1193 615 1334 655 moveri,

212 679 374 710 clamores
399 686 468 709 tota
493 678 575 708 urbe
600 677 757 716 diffundi,
782 678 821 709 ad
847 677 1097 709 damnationem
1116 677 1227 709 vocari
1246 690 1332 716 euru,

210 739 268 784 qui
299 738 505 779 evangelicae
539 738 692 770 lucernae
726 739 850 770 lumine
876 738 1104 782 diabolicas'3)
1129 739 1332 781 ignorantiae

210 801 362 833 tenebras
386 801 498 841 fugare
524 809 659 832 conatus
684 810 742 832 est.
789 801 913 832 Verum
940 801 1020 833 haec
1037 800 1257 845 parvipendat
1275 800 1332 844 qui

211 862 303 906 cupit
326 861 415 893 salva
441 861 519 893 fidei
545 862 729 894 catholicae
753 861 864 903 regula
889 862 923 894 in
949 862 1070 894 divinis
1088 862 1331 894 eruditionibus

210 924 367 959 exerceri.
413 924 501 955 Illud
533 915 643 955 autern
672 923 856 956 necessario
883 937 1103 963 commoneo,
1135 924 1225 968 quod
1250 923 1334 955 sicut

209 986 243 1017 in
274 985 444 1029 prioribus
476 984 568 1016 libris
601 985 758 1024 fecimus,
797 985 894 1017 etiam
927 986 959 1017 in
984 986 1052 1017 istis
1078 985 1333 1024 observavimus,

211 1061 251 1079 ne
277 1060 332 1086 ea,
356 1059 439 1091 quae
464 1046 601 1091 reliquis
626 1046 694 1091 ejus
718 1047 908 1086 sententiis,
941 1056 971 1078 et
996 1056 1126 1079 nostrae
1150 1047 1230 1078 fidei
1255 1059 1334 1078 con-

211 1109 312 1141 traria
344 1108 560 1150 videbamur,
595 1108 852 1152 interpretarer,
884 1110 941 1141 sed
975 1109 1066 1141 velut
1089 1107 1210 1140 inserta
1235 1120 1272 1147 eti
1295 1108 1336 1138 ab

210 1171 282 1203 aliis
316 1180 348 1203 et
379 1171 562 1202 adulterata
596 1170 824 1214 praeterirem.
871 1171 924 1202 De
949 1169 1104 1202 creaturis
1130 1182 1207 1201 vero
1233 1168 1334 1200 ratio-

210 1233 376 1265 nabilibus
400 1232 426 1265 si
452 1232 532 1276 quid
557 1232 636 1264 novi
662 1232 781 1265 dixisse
807 1233 891 1264 visus
918 1241 982 1271 est,
1014 1231 1089 1276 quia
1120 1244 1186 1263 non
1211 1230 1244 1263 iu
1269 1231 1333 1263 lnoc

211 1304 259 1327 est
284 1306 412 1326 summa
437 1294 534 1335 fidei,
572 1293 728 1340 scientiae
760 1294 862 1336 gratia
887 1303 919 1326 et
944 1292 1110 1334 exercitii,
1146 1306 1220 1325 curu
1246 1293 1334 1325 sorte

209 1356 307 1388 nobis
337 1356 511 1387 adversum
545 1356 720 1388 nonnullas
750 1357 899 1388 haereses
924 1355 982 1387 tali
1008 1354 1124 1386 ordine
1148 1354 1333 1386 necessario

211 1418 481 1461 respondendum
507 1426 572 1456 est,
603 1430 710 1460 neque
742 1417 774 1448 in
799 1417 848 1449 his
873 1416 1014 1456 libellis,
1045 1428 1153 1459 neque
1177 1415 1210 1447 in
1237 1428 1336 1459 snpe-

212 1479 357 1511 rioribus
390 1477 616 1523 praetermisi,
653 1478 715 1510 nisi
748 1478 775 1510 si
805 1491 868 1522 qua
894 1479 980 1510 sorte
1005 1477 1069 1522 jam
1094 1476 1128 1508 in
1152 1476 1332 1520 superiori-

211 1542 273 1573 bus
304 1540 391 1573 dicta
420 1549 571 1584 repetere
605 1539 703 1571 etiam
734 1539 767 1571 in
798 1539 847 1571 his
872 1538 1114 1583 posterioribus
1139 1538 1263 1578 voluit,
1303 1547 1332 1570 e!

211 1602 381 1635 brevitatis
405 1601 505 1643 gratia
530 1600 687 1645 aliquast)
711 1613 748 1632 ex
773 1600 822 1633 his
846 1613 993 1633 resecare
1012 1600 1228 1632 commodum
1247 1600 1333 1632 duxi.

212 1664 249 1697 Si
274 1663 346 1708 quis
369 1673 481 1696 tamen
504 1662 704 1707 proficiendi
729 1671 760 1694 et
791 1675 858 1694 non
883 1661 1093 1708 obtrectandi
1115 1661 1228 1693 studio
1253 1662 1333 1693 haec

212 1725 316 1767 leget,
348 1725 469 1757 rectius
500 1724 617 1764 saciet,
654 1723 680 1756 si
713 1723 834 1768 exponi
866 1724 927 1757 sibi
960 1724 1040 1756 haec
1071 1736 1088 1754 a
1118 1722 1334 1767 peritioribus

308 1888 338 1930 ¹)
363 1888 494 1919 Desunt
525 1885 557 1917 in
587 1895 681 1918 antea
713 1885 807 1918 editis
833 1886 880 1929 (v,
906 1899 932 1918 c.
958 1886 1032 1918 edd.
1059 1885 1136 1929 M.),
1167 1883 1224 1916 ubi
1249 1896 1332 1928 pro:

215 1933 355 1971 »male,“
391 1932 527 1973 legitur:
562 1932 691 1969 »mali,“
727 1931 840 1962 verba:
883 1931 944 1971 „de
970 1930 1144 1972 Origene“
1194 1929 1272 1961 Mss.
1298 1938 1334 1961 ut

213 1979 246 2010 in
269 1988 385 2010 nostro
411 1986 510 2009 textu.
538 1976 577 2009 R.

304 2034 337 2077 ²)
362 2033 453 2064 Libri
482 2031 564 2064 editi
590 2033 635 2075 (v.
662 2045 688 2064 e.
715 2032 789 2064 edd.
815 2032 880 2075 Μ.)
916 2031 1095 2072 „continuo
1129 2029 1163 2062 id
1188 2029 1333 2062 arbitror

212 2088 420 2122 persecutum
455 2077 576 2121 putasti
603 2078 695 2120 (cdd.
722 2078 769 2111 M.
790 2078 973 2122 probasti.)
1013 2076 1137 2119 Quod“
1163 2085 1227 2109 etc.
1252 2074 1332 2108 Mss.

212 2134 246 2155 ut
272 2123 306 2155 in
330 2132 445 2155 nostro
470 2132 571 2154 textu.
596 2123 624 2154 l'i
648 2142 688 2147 —
707 2123 775 2156 Csr.
801 2123 852 2155 ed.
867 2123 994 2166 Redep.
1012 2134 1084 2166 pag.
1100 2120 1175 2155 243.
1192 2128 1262 2155 not.
1279 2119 1330 2154 13.

303 2178 337 2220 ³)
363 2178 411 2210 lta
440 2177 505 2209 Mss
544 2177 630 2209 Alias
657 2178 703 2221 (v.
731 2192 756 2210 c.
781 2178 813 2211 in
840 2178 916 2212 edd.
941 2178 1006 2220 M.)
1033 2175 1271 2218 „diabolicae.“
1291 2175 1330 2207 R.

307 2233 340 2276 ⁴)
368 2233 452 2264 Vide
479 2233 744 2266 Commentarios
776 2234 808 2266 in
840 2247 892 2278 ep.
916 2234 957 2266 ad
981 2234 1151 2266 Romanos
1175 2231 1253 2263 coll.
1278 2231 1328 2263 ed.

217 2280 345 2324 Redep.
370 2292 443 2323 pag.
470 2278 546 2312 244.
572 2288 640 2310 uot.
670 2279 719 2312 15.
