1404 2463
145 104 189 140 36
626 108 803 143 Oamssms

147 196 352 239 intellectus,
375 210 444 231 non
465 199 700 244 corporalibus
714 198 927 232 incrementis
941 207 1046 239 aucta,
1070 199 1129 232 sed
1146 199 1177 245 ¹)
1202 212 1279 232 eru-

147 257 287 291 ditionis
315 260 479 293 exercitiis
510 261 654 297 elimata.
711 262 808 306 Quae
845 261 973 294 idcirco
1009 274 1078 294 nou
1111 261 1222 294 statim
1262 274 1279 293 a

146 333 268 365 puero,
292 322 345 354 vel
371 335 389 355 a
411 322 584 356 nativitate
608 324 760 370 recipere
784 334 914 369 potest,
953 325 1029 369 quia
1053 323 1197 356 invalida
1222 324 1280 355 ad-

147 382 212 415 huc
236 393 269 416 et
291 384 463 418 imbecilla
486 387 718 419 membrorum
752 396 802 419 est
825 399 1008 430 compago,
1040 385 1161 430 quibus
1186 385 1279 417 velut

147 445 278 487 organis
308 447 350 479 ad
383 446 578 480 exercitium
611 448 660 480 sui
691 462 786 481 mens
819 448 943 487 utitur,
972 460 1083 492 neque
1116 438 1280 492 operandi

146 508 260 552 vim2)
285 518 470 541 sustentare
494 510 593 549 valet,
616 523 678 543 nec
702 510 942 555 percipiendae
968 508 1162 553 discipliuae
1187 508 1278 541 exhi·

143 569 223 601 bere
246 569 371 602 sufficit
393 571 597 604 facultatem.

236 631 267 665 7.
316 631 353 665 Si
385 632 443 677 qui
467 642 580 665 autem
604 642 697 673 sunt,
736 633 793 678 qui
817 643 965 666 mentem
987 633 1095 677 ipsam
1119 632 1279 665 animaru-

145 706 209 738 que
223 693 255 737 ³)
282 707 404 739 corpus
429 707 498 727 esse
523 695 744 735 arbitrentur,
775 695 877 727 velim
908 695 989 727 mibi
1021 695 1277 738 responderent,

145 756 320 800 quomodo
335 758 369 801 ⁴²)
393 766 560 789 tantarum
583 770 708 797 rerum,
731 767 797 789 tam
816 756 1020 795 difficilium,
1044 766 1179 801 tamque
1195 757 1272 789 sub-

237 919 269 962 ¹)
294 919 351 952 Sic
376 919 456 952 Mss.
488 918 580 952 Alias
613 920 661 964 (v.
692 933 720 952 c.
743 919 776 952 in
802 921 878 953 edd.
903 921 971 965 Μ.)
1004 920 1083 961 „sed
1115 918 1278 951 eruditio-

142 963 239 995 nibus
263 974 295 996 et
321 964 484 997 exercitiis
509 965 676 998 elimataf‘
702 966 741 998 R.

234 1021 269 1064 ²)
295 1022 345 1054 lta
369 1022 451 1054 Mss.
479 1021 567 1054 Alias
592 1022 638 1066 (v.
665 1035 692 1055 c.
716 1022 752 1055 in
777 1022 852 1054 edd.
878 1022 945 1066 M.)
973 1024 1123 1063 „usum.“
1149 1021 1189 1054 R.

232 1077 265 1119 ³)
292 1076 362 1111 Cfr.
389 1077 441 1111 ed.
466 1078 596 1122 Redep.
620 1091 695 1123 pag.
719 1079 795 1113 101.
818 1088 889 1112 not.
913 1077 965 1113 32.
1211 1084 1214 1085 ’

235 1134 270 1175 ⁴)
294 1133 343 1166 Ex
374 1133 424 1166 bis
454 1147 531 1167 sane
563 1135 784 1177 argumentis,
819 1148 903 1180 quae
934 1136 1066 1180 profert
1101 1134 1276 1176 Origenes,

143 1177 280 1222 liquet'
272 1191 383 1223 ipsum
402 1189 560 1231 ’naturam
586 1181 715 1213 animae
741 1180 772 1212 in
800 1194 945 1225 corpore
964 1179 1175 1226 quantumvis
1198 1180 1275 1211 sub—

141 1223 192 1255 tili
218 1237 287 1255 non
311 1224 474 1267 posuisse.
522 1225 612 1259 Sic
603 1239 637 1258 1n
663 1226 878 1279 Protreptico
902 1227 942 1258 ad
957 1227 1156 1271 Martyrium
1182 1237 1273 1257 num.

140 1268 195 1302 47.
212 1265 288 1302 'Eu
315 1270 354 1302 δὲ
380 1272 441 1303 καὶ
466 1273 639 1314 φιλοζωεῖ
660 1267 866 1315 ι’ἷνθοωπος
893 1277 1029 1315 πεῖσμα
1048 1261 1175 1314 λαβὼν
1193 1273 1276 1314 περὶ

141 1312 266 1369 utiolaf
294 1316 441 1368 λογικῆς
472 1317 609 1361 ψυχῆς,
649 1314 697 1354 ὠς
727 1316 878 1360 ἐχούσης
909 1330 938 1351 τι
977 1318 1150 1372 συγγενὲς
1180 1319 1275 1360 Ἠῶ·

143 1358 249 1393 20ch
282 1359 354 1404 γὰρ
385 1360 534 1414 ἑκάτερα
565 1364 623 1418 *frti
656 1361 812 1405 ἀόρατα,
844 1365 904 1396 καὶ
937 1361 983 1400 ὠς
1015 1361 1032 1396 ὁ
1071 1363 1275 1404 ἓαικοατῶν

141 1404 376 1440 ἀποδείκνυσι
402 1405 527 1450 λόγος,
564 1406 750 1450 domama.
815 1408 884 1440 Nec
916 1409 1027 1440 obstat
1057 1407 1149 1451 qnod
1176 1407 1276 1439 habet

139 1450 197 1483 lib.
222 1451 247 1484 Ῐ.
272 1454 355 1494 περὶ
377 1451 504 1495 doluit!
521 1465 593 1496 cap.
610 1452 666 1485 Vl.
684 1465 776 1486 num.
794 1452 824 1486 4.
851 1453 920 1495 (ed.
937 1453 1067 1496 Redep.
1092 1464 1164 1495 pag
1179 1451 1272 1496 148.)

141 1509 239 1537 „curn
265 1486 371 1529 solius
395 1497 479 1536 Dei,
504 1497 540 1530 id
565 1507 613 1530 est
637 1497 745 1530 Patris
772 1507 806 1529 et
827 1498 908 1529 Filii
941 1506 974 1530 et
998 1497 1144 1542 Spiritus
1167 1497 1272 1529 sancti

138 1550 276 1573 naturae
299 1541 333 1574 id
357 1542 536 1587 proprium
560 1542 620 1581 sit
654 1552 691 1575 ut
724 1543 793 1575 sine
824 1542 990 1575 materiali
1013 1541 1215 1581 substantia,
1240 1552 1273 1573 et

139 1587 263 1638 absque
287 1587 354 1619 ulla
381 1601 565 1632 corporeae
578 1570 775 1631 atljectionis
792 1588 952 1620 societate
970 1588 1176 1629 intelligatur
1193 1587 1271 1618 sub-

137 1631 264 1664 sistere.
269 1634 286 1652 α
334 1633 406 1665 Nec
437 1634 530 1676 quod
560 1633 676 1666 scribit
709 1633 766 1665 lib.
791 1633 833 1669 Il
868 1646 939 1677 cap.
963 1633 1000 1666 2.
1025 1646 1117 1665 1111111.
1144 1631 1173 1666 1.
1200 1632 1269 1676 (ed.

136 1677 268 1728 Redep.
293 1690 367 1722 pag.
394 1678 484 1720 166.)
512 1679 762 1723 „quaerendum
787 1678 900 1722 primo
931 1678 1080 1716 videtur,
1111 1677 1138 1709 si
1162 1677 1271 1721 possi—

136 1721 183 1754 1111
187 1734 204 1754 e
230 1731 279 1754 est
308 1723 441 1767 penitus
472 1723 688 1775 incorporeas
722 1736 894 1755 remanere
928 1723 1142 1755 rationabiles
1173 1731 1269 1754 natu-

136 1780 199 1808 ras,
224 1780 298 1799 cum
324 1768 366 1800 ad
389 1781 558 1801 summum
582 1768 764 1801 sanctitatis
794 1781 831 1800 ac
862 1768 1077 1801 beatitudinis
1102 1767 1269 1799 venerint:

137 1812 228 1855 quod
254 1812 335 1844 mihi
359 1812 497 1857 quidem
523 1813 763 1846 difficillimum
793 1822 826 1845 et
856 1826 962 1857 paene
986 1811 1196 1857 impossibile
1220 1811 1269 1843 vi-

137 1858 268 1889 detur.“
316 1857 359 1890 Et
384 1858 485 1901 paulo
511 1868 599 1902 post,
624 1858 684 1890 lib.
712 1859 752 1890 ll.
778 1871 849 1902 cap.
878 1859 917 1891 11.
941 1871 1032 1892 1111111.
1057 1859 1088 1893 2.
1113 1858 1184 1901 (ed.
1200 1857 1267 1889 Re-

137 1902 214 1945 dep.
241 1915 302 1946 pag
338 1902 430 1946 166.)
466 1904 523 1944 „Si
555 1917 634 1936 vero
666 1903 877 1947 impossibile
903 1913 951 1935 est
975 1904 1038 1936 hoc
1062 1904 1135 1935 11110
1160 1903 1265 1934 111οά0

137 1947 312 1986 affirmari,
337 1947 370 1979 id
398 1957 462 1987 est,
494 1950 586 1993 quod
617 1948 729 1980 vivere
760 1958 893 1992 praeter
917 1962 1040 1992 corpus
1063 1948 1172 1992 possit
1194 1947 1266 1979 ulla

136 1992 199 2024 alia
222 2002 338 2024 natum
362 2003 494 2037 praeter
508 1994 642 2026 Patrem
668 2003 700 2026 et
720 1994 846 2026 Filium
873 2003 905 2025 et
925 1994 1090 2038 Spiritum
1103 2002 1265 2033 sanctum,

134 2038 311 2070 necessitas
337 2039 593 2082 consequentiae
618 2052 656 2071 ac
680 2039 816 2071 rationis
836 2048 983 2071 coarctat
997 2039 1150 2080 intelligi,
1174 2037 1266 2081 priu-

135 2083 289 2126 cipaliter
322 2083 456 2127 quidem
490 2093 614 2117 creatas
646 2097 714 2116 esse
739 2084 955 2116 rationabiles
978 2091 1264 2123 naturas;1nate-

134 2127 250 2159 rialem
286 2141 364 2159 1610
395 2129 610 2161 substantiam
651 2129 813 2173 opinione
853 2129 988 2174 quidem
1026 2138 1058 2160 et
1087 2128 1262 2161 intellectu

132 2173 244 2204 solum
268 2173 414 2216 separari
438 2175 479 2206 ab
505 2174 555 2215 iis,
581 2184 613 2206 et
637 2187 699 2226 pro
725 2175 804 2219 ipsis
828 2177 879 2207 xel
904 2184 983 2227 post
1000 2174 1086 2217 ipsas
1105 2174 1262 2205 effectam

133 2217 252 2255 videri,
277 2219 334 2250 sed
358 2231 528 2263 nunquam
552 2220 621 2252 sine
647 2233 655 2251 1
684 2233 716 2251 sa
743 2233 796 2252 eas
821 2220 872 2251 vel
890 2219 1019 2258 vixisse,
1044 2219 1096 2250 vel
1114 2218 1236 2250 vivere.
1241 2220 1259 2237 “

132 2262 181 2294 Ex
206 2263 255 2300 his
280 2263 368 2295 enirn
400 2273 432 2296 et
462 2265 627 2297 similibus
659 2233 744 2297 lbeis
775 2277 843 2297 non
868 2264 1035 2308 sequitur,
1077 2263 1260 2305 Origenem

130 2317 281 2341 naturam
304 2309 431 2342 animae
457 2320 490 2343 et
511 2310 655 2343 aliorum
674 2310 853 2355 spirituum
870 2310 903 2342 in
921 2321 1065 2354 corpore
1090 2308 1258 2353 posuisse:
