1404 2463
385 114 431 136 DE
457 103 650 136 PRmcmns
673 102 783 134 Lmen
809 102 865 134 ΙΙΙ.
1129 102 1190 135 271

77 207 138 239 per
161 207 195 226 se
222 193 407 226 venientem
431 193 593 235 imbrem,
620 201 653 223 et
676 191 839 231 germinat
862 190 997 221 herbam
1014 191 1043 235 ¹)
1070 204 1196 235 oppor-

76 265 190 288 tunam
223 256 288 296 his,
322 269 340 288 a
366 255 484 300 quibus
515 253 654 291 colitur,
683 252 848 296 percipiet
878 251 1146 283 benedictionem
1179 265 1195 284 a

77 318 172 350 Deo:
199 330 282 361 quae
306 326 415 349 autem
441 316 570 360 profert
594 314 703 358 spinas
729 323 760 346 et
784 313 946 352 tribulos,
978 314 1120 356 reproba
1143 323 1197 345 *cst

80 391 111 411 et
135 379 314 411 maledicto
339 378 500 422 proxima,
525 375 616 420 cujus
640 375 712 407 finis
738 376 777 407 ad
803 375 1045 407 exustionem.“
1093 375 1198 415 Igitur

79 453 116 472 ex
133 440 194 480 his,
219 453 301 484 quos
319 439 538 479 assumimus,
555 438 650 470 Pauli
667 437 878 470 sermonibus
896 435 1069 467 evidenter
1086 445 1197 467 osten-

79 501 188 541 ditur,
218 502 306 546 quod
328 514 395 532 uno
422 501 608 544 eodemque
633 512 735 543 opere
760 499 843 537 Dei,
877 510 943 542 quo
968 497 1109 528 imbrem
1135 506 1199 529 ter-

79 575 134 595 rae
165 563 317 604 largitur,
348 563 412 594 alia
437 562 570 605 quidem
602 570 688 593 terra
721 559 897 601 diligenter
921 560 1048 590 exculta
1072 559 1199 590 {ructus

80 624 199 656 afferat
227 625 354 664 bonos;
392 622 455 668 alia
488 635 585 661 vero,
621 634 706 665 quae
745 620 951 662 negligenter
983 620 1109 652 inculta
1141 629 1199 659 est,

81 685 190 729 spinas
226 694 258 717 et
286 684 429 716 tribulos
460 685 622 728 proferat.
669 683 712 714 Et
744 682 770 713 si
803 681 874 726 quis
899 681 991 725 quasi
1016 681 1098 724 ex2)
1125 695 1198 725 per-

81 759 162 778 sona
186 746 344 778 imbrium
361 745 510 789 *loquens
535 745 639 777 dicat:
670 744 742 785 Ego
768 743 876 775 imber
900 743 964 775 seci
991 745 1116 775 fructus
1141 744 1202 774 bo-

81 820 160 846 nos,
195 817 228 839 et
259 807 369 851 spinas
399 819 437 839 ac
465 807 608 838 tribulos
641 819 702 847 ego
734 805 816 837 feci:
853 804 1002 849 quamvis
1027 805 1108 836 dure
1134 805 1202 837 dici

81 869 242 908 videatur,
266 881 343 900 vere
360 877 472 900 tamen
492 868 631 909 dicitur;
655 866 717 899 nisi
736 866 823 898 enim
840 866 948 898 imber
959 865 1071 905 suerit,
1095 867 1202 910 nec3)

81 930 218 971 fructus,
243 943 304 962 nec
328 930 452 974 spinae,
476 943 537 962 nec
562 929 678 962 tribuli
703 937 924 967 nascerentur,
948 928 1201 972 superveniente

83 1004 162 1023 vero
190 991 304 1036 pluvia
327 1002 506 1036 utrumque
531 1001 619 1028 terra
643 989 811 1034 produxit.
859 990 926 1022 Sed
953 989 1102 1033 quamvis
1126 990 1203 1033 plu-

81 1052 154 1085 viae
184 1053 350 1085 beneflcio
389 1062 476 1086 terra
506 1065 639 1094 germen
675 1062 853 1095 utrumque
885 1051 1099 1095 produxerit,
1135 1064 1203 1083 non

75 1119 194 1146 'tamen
216 1114 378 1146 imbribus
403 1114 523 1146 merito
547 1113 719 1146 diversitas
737 1112 891 1154 germinis
907 1112 1122 1151 adscribetur,
1147 1113 1204 1144 sed

86 1177 127 1208 ad
157 1176 235 1208 illos
267 1176 339 1220 jure
373 1176 469 1219 culpa
499 1175 623 1218 mali⁴)
648 1174 781 1207 seminis
805 1175 1011 1213 reflectatur,
1048 1174 1103 1217 qui
1130 1187 1205 1206 cum

85 1247 223 1282 possent
246 1237 413 1281 frequenti
435 1246 543 1269 aratro
569 1246 687 1268 terram
712 1224 880 1274 scindere,
912 1245 940 1266 et
967 1235 1078 1267 rastris
1102 1235 1207 1276 gravi-

87 1299 148 1330 bus
182 1308 354 1343 torpentes
385 1298 497 1340 glebas
527 1307 673 1338 vertere‚
715 1306 747 1329 et
777 1309 892 1329 omnes
922 1296 1055 1329 inutiles
1079 1297 1206 1329 radices

88 1360 182 1393 noxii
206 1360 360 1402 graminis
379 1361 410 1402 ⁵)
435 1369 626 1403 amputare,
661 1368 758 1403 atque
790 1359 978 1396 succidere,
1016 1358 1207 1402 cunctisque

91 1422 210 1466 quibus
242 1423 348 1454 cultus
379 1421 438 1453 ille
469 1421 621 1465 deposcit
653 1420 822 1452 laboribus
857 1433 894 1451 ac
923 1418 1039 1451 studiis
1071 1429 1208 1463 purgata

91 1484 285 1528 excultaque
310 1483 440 1515 novalia
466 1482 610 1514 venturis
634 1482 796 1514 imbribus
820 1493 1026 1525 praeparare,
1050 1481 1114 1513 lioc
1138 1482 1210 1525 qui-

90 1544 166 1576 dem
192 1546 301 1576 facere
326 1544 555 1586 neglexerunt:
581 1544 726 1576 desidiae
750 1552 859 1575 autem
884 1544 1005 1587 suaefi)
1023 1543 1210 1587 aptissimos

186 1712 217 1755 ¹)
241 1711 298 1744 Sic
322 1711 402 1744 Mss.
427 1711 519 1743 Libri
543 1710 624 1742 editi
648 1709 694 1753 (ν.
713 1722 741 1742 e.
760 1710 834 1741 edd.
852 1710 917 1754 M.)
943 1709 1098 1750 „herbam
1125 1710 1214 1753 opti-

96 1779 183 1798 mam
206 1766 266 1805 his,
293 1766 409 1811 quibus
435 1766 587 1800 colitur.“
615 1767 654 1799 R.

191 1823 224 1866 ²)
249 1822 305 1855 Sic
336 1823 414 1855 Mss.
446 1822 539 1854 Libri
569 1831 677 1854 autem
715 1820 796 1866 editi
829 1822 874 1864 (v.
900 1834 926 1873 c.
953 1821 1027 1853 edd.
1052 1821 1117 1864 M.)
1153 1836 1211 1862 „ex

96 1890 237 1922 persona
267 1878 449 1922 impiorum
485 1878 626 1923 loquens
659 1877 764 1909 dicat:
796 1890 873 1919 ergo
904 1876 1012 1910 imber
1041 1877 1121 1909 fecit
1145 1878 1213 1909 fru-

101 1937 192 1966 ctus“
219 1943 280 1967 etc.
305 1934 344 1967 R.

191 1990 223 2033 ³)
249 1989 303 2023 Sic
335 1991 414 2022 Mss.
437 1990 473 2021 ln
506 1989 599 2021 libris
630 1988 727 2021 editis
759 1989 805 2033 (v.
839 2002 866 2023 c.
898 1989 972 2021 edd.
996 1989 1062 2034 M.)
1094 1989 1212 2021 desunt

99 2046 213 2078 verba:
241 2059 321 2086 „nec
345 2046 504 2078 sructus.“
530 2046 570 2078 R.

192 2102 225 2145 ⁴)
250 2101 306 2133 Sic
331 2101 410 2134 Mss.
436 2102 474 2133 In
498 2100 594 2132 editis
620 2100 662 2144 (v.
682 2113 708 2132 c.
727 2100 802 2131 edd.
822 2101 884 2144 M.)
909 2101 1000 2132 deest
1027 2101 1210 2140 „ma{i.«R.

191 2158 224 2201 5)
249 2157 304 2190 Sic
330 2157 407 2190 Mss.
434 2158 471 2189 ln
497 2155 593 2188 editis
617 2156 665 2199 (v.
690 2169 717 2189 c.
741 2156 816 2189 edd.
842 2155 907 2201 M.)
943 2156 1078 2197 legitur:
1120 2170 1211 2197 „ger-

96 2213 226 2246 minis.“
253 2214 293 2246 R.
401 2228 404 2231 ⁴

187 2269 220 2312 ⁶)
245 2268 302 2301 Sic
326 2269 406 2302 Mss.
432 2267 522 2300 Edit}
549 2268 593 2312 (v.
613 2281 639 2299 c.
658 2268 732 2301 edd.
751 2267 816 2311 Μ.)
841 2267 1000 2299 omittunt
1028 2271 1154 2301 »suae.“
1170 2268 1208 2300 R.
