1404 2463
384 107 429 130 m:
455 98 649 130 anctpns
673 97 782 130 Lmen
809 98 866 130 ΙΙΙ.
1126 97 1191 132 285

72 185 225 226 modo')
258 197 324 230 non
356 187 469 219 eadem
502 195 631 225 mente,
670 198 729 218 nec
761 188 882 219 eodem
905 199 1000 218 sensu
1026 186 1123 219 etiam
1151 188 1191 219 de

70 245 256 288 Evangeliis
280 246 443 292 judicant,
474 260 534 279 nec
559 249 752 287 observant,
785 248 810 280 si
845 260 907 292 qua
933 247 1009 280 talia
1034 248 1131 280 etiam
1157 248 1190 280 in

71 306 258 348 Evangeliis
282 308 390 352 posita
414 318 507 347 sunt,
541 308 648 352 qualia
672 308 817 354 judicant
841 310 891 341 vel
917 318 1054 349 arguunt
1080 308 1112 340 in
1138 321 1192 341 ve-

73 369 135 401 teri
160 369 383 402 Testamento.
430 369 610 401 Evidenter
640 369 726 401 enim
758 370 789 402 in
816 370 879 401 hoc
904 369 1051 413 capitulo
1077 369 1190 402 Salva-

75 439 129 462 tor
161 431 366 469 ostenditur,
401 430 485 462 sicut
518 429 580 473 ipsi
612 430 782 474 dicunt,²)
815 440 994 474 propterea
1019 430 1190 462 manifeste

75 505 141 524 non
168 493 277 537 loqui,
308 491 357 523 uti
382 504 423 523 ne
447 501 681 524 convertantur
704 491 876 530 homines,
908 501 940 523 et
965 491 1116 524 conversi
1140 505 1190 523 re-

76 553 266 586 missionem
298 551 459 596 accipiant
491 562 715 596 peecatorum.
762 552 865 595 Quod
889 553 1003 597 utique
1028 553 1052 585 si
1076 566 1192 585 secun-

79 616 156 647 dum
189 615 293 646 solam
327 613 454 645 literam
487 613 704 655 intelligatur,
736 613 818 645 nihil
844 614 980 646 omnino
1006 614 1113 646 minus
1139 614 1193 646 ha-

77 675 210 708 bebitur
232 677 273 707 ab
297 675 348 714 iis,
367 677 400 717 3)
434 669 517 720 quae
542 675 575 707 in
600 675 815 708 Testamento
841 675 943 707 veteri
970 676 1192 709 criminantur.

77 737 114 770 Si
138 750 215 769 vero
240 736 366 781 ipsis')
390 737 487 769 etiam
522 738 676 769 videntur
699 737 778 769 haec
804 736 1011 781 expositione
1035 737 1193 779 indigere,

76 797 102 830 si
128 810 190 842 qua
223 797 255 830 in
287 810 375 830 novo
401 798 615 830 Testamento
649 798 692 831 ita
717 798 827 843 posita
851 797 1081 839 inveniuntur,
1114 811 1193 831 con-

74 871 212 903 sequens
238 868 270 891 et
291 859 512 892 necessarium
537 860 616 899 erit,
650 869 686 892 ut
710 860 807 892 etiam
833 873 886 899 ea,
920 873 1002 904 quae
1032 859 1064 891 in
1090 861 1193 892 veteri

76 920 290 952 Testamento
315 920 547 960 criminantur,
579 921 679 953 simili
704 922 912 965 expositione
937 931 1133 966 purgentur,
1157 932 1193 954 ut

75 995 137 1025 per
166 983 245 1014 haec
276 982 374 1014 unius
407 982 618 1027 ejusdemque
642 982 752 1026 Dei⁵)
777 984 962 1027 probentur
985 996 1072 1022 esse,
1110 996 1192 1027 quae

76 1042 110 1075 iu
135 1052 278 1087 utroque
309 1043 431 1087 scripta
461 1053 536 1075 sunt
560 1044 787 1077 Testamento.
803 1045 835 1085 6)
883 1045 950 1077 Sed
976 1045 1015 1076 ad
1040 1045 1194 1089 proposi-

79 1113 144 1137 tam
171 1104 410 1148 quaestionem,
438 1115 537 1149 prout
562 1118 749 1149 possumus,
775 1115 1018 1138 convertamur.

170 1165 222 1200 17.
269 1166 470 1198 Dicebamus
494 1167 585 1210 prius
611 1167 650 1198 de
669 1167 839 1199 Pharaone
864 1167 1077 1211 disputantes,
1102 1170 1193 1212 quod

76 1227 242 1259 interdum
275 1228 379 1260 curari
415 1228 508 1260 citius
541 1241 607 1260 non
641 1228 735 1260 cedit'
759 1228 791 1260 in
824 1230 968 1268 bonum,
1002 1229 1142 1261 maxime
1167 1230 1193 1262 si

73 1288 212 1321 internis
249 1290 428 1322 visceribus
470 1290 610 1322 validius
650 1291 786 1322 morbus
830 1300 993 1331 grassatur
1037 1291 1192 1323 inclusus.

75 1350 174 1383 Unde
188 1351 308 1405 ‘Deus,
338 1351 394 1395 qui
427 1351 635 1383 occultorum
663 1351 814 1392 cognitor
838 1361 902 1391 est,
939 1363 972 1384 et
996 1352 1092 1384 novit
1119 1352 1193 1384 uni-

77 1424 167 1443 versa
200 1421 374 1456 antequam
407 1412 505 1452 fiant,
541 1426 602 1457 pro
635 1413 738 1445 multa
768 1413 968 1454 benignitate
1000 1426 1055 1445 sua
1081 1413 1195 1446 dissert

78 1472 198 1504 horum
230 1473 346 1504 talium
379 1487 489 1514 curas,
527 1484 559 1507 et
589 1474 786 1506 medicinam
817 1475 963 1518 protelat
993 1475 1025 1507 in
1055 1476 1195 1517 longius,

76 1544 192 1578 atque,
216 1543 252 1566 ut
275 1533 319 1566 ita
345 1535 502 1575 dixerim,
528 1545 619 1568 curat
644 1549 719 1575 θος,
745 1536 823 1567 dum
849 1549 914 1568 non
941 1546 1049 1575 curat,
1073 1550 1113 1569 ue
1139 1551 1195 1569 eos

76 1608 236 1640 prospera
271 1596 391 1629 sanitas
423 1596 620 1629 insanabiles
652 1597 781 1629 reddat.
828 1597 991 1629 possibile
1027 1611 1103 1640 ergo
1138 1609 1196 1636 est,

173 1731 203 1774 ¹)
236 1731 291 1764 Sic
327 1732 405 1764 Mss.
444 1731 535 1763 Libri
576 1730 657 1762 editi
700 1733 753 1775 (V.
795 1743 821 1763 c.
855 1731 930 1762 edd.
965 1731 1029 1775 M.)
1073 1743 1198 1774 »quon-

82 1776 166 1807 iam«
196 1785 257 1808 etc.
283 1777 319 1809 R.

172 1830 205 1871 2)
231 1831 286 1863 Sic
314 1832 390 1865 Mss.
416 1831 450 1863 ln
483 1831 578 1863 editis
603 1832 710 1863 deest:
752 1840 966 1874 »proptm-,ea
971 1846 986 1861 α
1016 1840 1065 1863 et:
1099 1844 1197 1862 »cou-

81 1875 205 1913 versi,“
240 1885 271 1907 et
295 1889 374 1919 pro:
401 1876 468 1916 „uti
492 1890 543 1915 ne,
548 1880 564 1896 4‘
592 1876 729 1918 legitur:
768 1885 824 1916 „ut
848 1876 880 1907 in
905 1888 956 1908 eo.
962 1881 978 1895 ‘⁶
1005 1876 1044 1908 R.
1074 1897 1102 1900 —
1135 1876 1198 1911 Ed

82 1921 128 1952 M.
155 1921 178 1951 Ι.
207 1919 358 1959 „dicunt,
392 1921 562 1953 manifeste
588 1934 654 1953 non
682 1921 792 1965 loqui,
822 1931 858 1952 ut
882 1921 913 1952 in
941 1933 980 1952 eo
1007 1930 1199 1952 conveltan-

79 1974 134 1996 tu1
158 1965 323 1997 homines:
367 1975 397 1997 et
421 1976 457 1997 ut
481 1965 708 1998 temissioncrn
740 1978 806 1997 non
831 1965 1010 2009 accipiant«
1039 1975 1110 2004 etc„
1146 1966 1197 1998 ed.

82 2010 127 2042 M.
156 2010 194 2041 ll.
224 2010 375 2050 „dirunt‚
412 2024 476 2042 non
503 2011 674 2042 manifeste
700 2011 810 2054 loqui.
846 2020 882 2042 ut
907 2012 938 2042 in
964 2023 1002 2042 eo
1026 2023 1093 2042 non
1120 2024 1198 2042 con-

82 2064 252 2087 vertantur
274 2055 441 2094 homines,
467 2065 499 2087 et
522 2065 558 2087 ut
581 2055 810 2087 remissionem
834 2068 900 2087 non
925 2056 1106 2099 accipiant“
1135 2065 1196 2088 etc.

173 2110 205 2153 3)
232 2110 292 2142 Ed.
317 2111 364 2142 Μ.
391 2111 414 2142 l.
443 2111 543 2152 „his.“
653 2111 686 2154 ⁴)
715 2111 798 2143 Edd.
821 2111 870 2143 M.
896 2111 1015 2151 „etiam
1041 2110 1150 2154 ipsis.“

169 2165 200 2208 ⁵)
229 2167 274 2197 lta
300 2167 378 2198 Mss.
407 2168 440 2198 ln
467 2166 562 2198 alitis
589 2166 632 2211 (v.
659 2180 684 2199 c.
711 2167 786 2199 edd.
811 2166 876 2209 M.)
904 2167 993 2198 deest
1020 2166 1138 2207 „Dei.“
1157 2167 1194 2198 R.

165 2220 198 2264 6)
226 2221 271 2253 lta
307 2222 383 2255 Mss.
412 2224 451 2254 'ln
486 2222 584 2254 editis
618 2226 662 2266 (v.
690 2236 715 2255 c.
743 2223 815 2255 edd.
842 2223 906 2266 Μ.)
940 2223 1028 2254 deest
1058 2222 1193 2262 „Testa-

79 2275 223 2299 mento«
253 2267 289 2299 R.
