1404 2463
388 104 430 125 nn
458 93 653 126 Pnfflcu‘us
680 92 790 123 Lmen
818 91 857 123 ΙΙ.
1134 85 1198 119 169

79 185 204 217 dictum
232 183 396 216 videbitur
420 183 454 215 id
480 182 570 227 quod
595 181 743 219 addidit,
774 180 879 221 legem
906 188 937 211 et
961 179 1142 224 prophetas
1166 180 1198 212 in

80 246 130 279 his
155 247 286 278 duobus
309 245 455 289 pendere
472 242 657 275 mandatis?
682 242 867 283 Quomodo
886 241 985 280 enim,
1010 243 1102 285 qnod
1119 241 1200 274 alie·

78 321 157 340 num
185 316 217 339 et
242 306 451 351 peregrinum
475 318 493 337 a
517 305 592 336 Deo
619 313 683 343 est,
707 303 868 347 pendebit
892 303 924 335 in
948 303 1050 336 Deo?
1078 303 1200 335 Paulus

80 379 189 401 autem
215 368 343 400 dicens:
368 366 541 409 Gratias¹)
567 379 627 407 ago
652 365 727 396 Deo
753 378 840 404 meo,
866 364 917 396 cui
942 364 1052 396 servio
1077 364 1110 396 in
1133 365 1200 409 spi-

81 430 144 462 ritu
171 442 245 462 meo
259 431 292 472 ²)
317 441 333 460 a
358 428 490 472 proavis
515 427 596 459 meis
620 428 652 458 in
673 426 876 459 conscientia
899 430 1025 470 pura:“
1052 425 1199 458 dilucide

81 491 242 530 ostendit,
277 489 351 534 quia
365 490 398 533 3)
430 502 496 521 non
528 489 569 521 ad
599 488 744 533 aliquem
778 501 902 520 novum
927 488 1058 526 Deum,
1093 489 1201 527 sed‘)

80 553 120 584 ad
153 551 317 584 Christum
356 550 492 583 venerit.
553 549 647 592 Quos
689 549 776 581 enim
812 549 895 581 alios
930 562 1075 593 proavos
1106 550 1202 582 Pauli

81 614 252 657 oportebit
282 612 440 653 intelligi,
471 611 532 652 nisi
565 625 638 650 eos,
675 612 716 643 de
741 610 860 655 quibus
884 610 955 655 ipse
980 610 1079 643 dicit:
1115 612 1203 644 »He-

79 674 216 718 braei⁵)
247 683 338 713 sunt,
372 683 404 706 et
435 686 512 715 ego:
547 673 712 705 israelitae
742 682 835 712 sunt,
867 683 899 705 et
923 673 1036 715 eg0?‘‹
1078 674 1144 706 Sed
1172 684 1205 706 et

80 736 242 780 praefatio
274 735 344 779 ipsa
369 735 530 779 epistolae
556 734 626 780 ejus
649 735 688 766 ad
714 735 902 775 Romanos,
938 735 1097 776 nonnefi)
1124 736 1203 767 baec

81 797 196 829 eadem
221 796 291 834 his,
317 797 373 840 qui
396 796 583 838 intelligere
608 796 702 828 Pauli
729 796 838 828 literas
863 808 1004 835 norunt,
1029 797 1206 839 diligenter

81 859 244 897 ostendet,
267 870 366 902 quem
384 858 496 890 Deum
514 857 638 890 Paulus
664 858 858 901 praedicat?
883 858 938 890 Ait
963 858 1069 890 enim:
1097 860 1205 899 „Pau—

83 920 132 952 lus
146 921 179 964 ⁷)
209 933 322 952 servus
345 920 424 952 Jesu
458 919 597 958 Christi,
630 929 765 951 vocatus
798 920 990 963 apostolus,
1020 930 1205 962 segregatus

81 983 115 1013 in
139 981 358 1022 Evangelium
385 980 468 1019 Dei,
504 981 595 1024 quod
620 990 694 1012 ante
720 980 918 1024 promiserat
943 995 1003 1025 per
1026 982 1207 1025 prophetas

81 1055 158 1074 suos
171 1044 204 1086 8)
229 1043 262 1074 in
290 1042 473 1085 Scripturis
503 1041 623 1074 sanctis
654 1043 695 1073 de
721 1041 810 1073 Filio
835 1055 913 1080 suo,
945 1043 1002 1087 qui
1028 1045 1133 1075 sactus
1158 1053 1207 1076 est

83 1105 112 1136 ci
138 1117 174 1136 ex
200 1104 323 1136 semine
348 1103 457 1135 David
481 1104 662 1135 secundum
685 1116 835 1142 carnem,
862 1105 917 1148 qui
943 1105 1207 1148 praedestinatus

87 1175 135 1198 est
159 1166 267 1198 Filius
284 1165 349 1197 Dei
376 1166 406 1196 in
434 1166 553 1196 virtute
578 1165 760 1197 secundum
786 1165 950 1209 Spiritum
974 1166 1209 1198 sanctificatio—

84 1227 134 1260 nis
166 1241 202 1259 ex
229 1227 470 1259 resurrectione
495 1236 707 1258 mortuorum
735 1227 855 1258 Christi
879 1228 958 1259 Jesu
984 1228 1122 1260 Domini
1146 1241 1208 1260 110-

83 1289 181 1327 stri,“
209 1298 269 1320 etc.
317 1289 383 1321 Sed
410 1298 442 1320 et
466 1288 568 1326 illud,
595 1289 686 1332 quod
712 1288 773 1320 ait:
807 1290 903 1329 „Non
918 1290 949 1331 9)
976 1289 1147 1321 obturabis
1172 1303 1209 1321 os

84 1350 162 1382 bovi
179 1350 231 1393 ¹⁰)
258 1349 441 1382 trituranti:
466 1349 627 1393 numquid
654 1351 695 1382 de
719 1351 827 1383 bobus
853 1365 928 1383 cura
953 1360 1002 1382 est
1026 1350 1126 1383 Deo?
1157 1353 1207 1382 An

83 1420 224 1455 propter
245 1423 306 1442 nos
322 1412 328 1429 ¹
344 1412 373 1454 ¹)
397 1411 514 1455 utique
539 1411 644 1444 dicit?
680 1412 824 1455 Propter
847 1425 909 1443 nos
933 1412 1021 1444 enim
1046 1412 1209 1457 scriptum

85 1482 147 1512 est,
173 1472 247 1517 quin
273 1472 306 1504 in
331 1485 389 1516 spe
415 1473 514 1505 debet
540 1473 597 1517 qui
623 1483 691 1505 arat
715 1486 824 1512 arare,
857 1483 887 1505 et
912 1474 967 1518 qui
992 1474 1125 1507 triturat
1148 1476 1209 1507 sub

86 1615 231 1652 bonum,
269 1621 510 1656 consequenter
541 1612 661 1644 deinde
695 1613 881 1649 videbitur«
911 1623 971 1645 etc.
1019 1614 1123 1646 Recte
1154 1628 1211 1645 au-

85 1668 152 1690 tem
180 1659 259 1691 Mss.
283 1667 320 1689 ut
344 1658 377 1689 in
401 1666 517 1689 nostro
543 1666 644 1689 textu.
670 1658 708 1690 R.
736 1678 771 1682 -
803 1659 871 1690 Cfr.
891 1658 1008 1691 Mattll.
1026 1659 1138 1699 ΧΧΙΙ,
1157 1660 1209 1693 40.

183 1715 213 1756 ¹)
241 1714 268 1745 ll
295 1712 383 1746 Tim.
412 1714 434 1751 Ι,
457 1713 488 1748 3.

178 1771 212 1813 ²)
238 1769 299 1801 Ed.
326 1769 373 1803 M.
400 1771 423 1801 1.
460 1783 555 1801 »meo
588 1783 649 1814 pro
685 1769 753 1802 avis
786 1770 886 1802 meis«
915 1781 990 1809 etc.‚
1016 1772 1066 1803 ed⁴
1094 1770 1140 1805 Μ.
1169 1772 1211 1805 ll.

92 1827 187 1846 »meo
212 1827 274 1858 pro
299 1815 433 1858 proavis
457 1815 558 1847 meis«
587 1825 647 1847 etc.
749 1815 871 1858 3),Ε(1.
898 1817 945 1849 Μ.
972 1818 1014 1849 ll.
1043 1818 1185 1861 »quod.“

179 1871 213 1912 ¹²)
238 1869 292 1902 Sic
324 1870 404 1902 les.
434 1869 533 1914 Libri
556 1869 639 1902 editi
676 1871 722 1913 (v.
756 1885 781 1903 e.
814 1872 889 1905 edd.
914 1871 980 1915 M.)
1009 1872 1090 1904 »uisi
1117 1873 1210 1906 Chri-

88 1926 174 1949 stum
201 1914 358 1947 venerit.“
386 1915 424 1947 R.
549 1919 582 1957 ⁵)
611 1916 638 1948 ll
665 1916 742 1948 Cor.
767 1916 826 1956 Xl,
850 1917 902 1951 22.

181 1972 214 2015 ὃ)
238 1971 342 2002 Deest
374 1971 406 2002 in
440 1971 539 2003 editis
570 1974 618 2014 (v.
651 1985 676 2004 c.
711 1973 786 2006 edd.
813 1972 896 2014 Μ.),
931 1974 988 2004 sed
1014 1973 1154 2006 habetur
1178 1975 1210 2006 in

90 2015 169 2049 Mss.
198 2020 360 2047 »nonne.⁴‘
387 2016 426 2048 R.
532 2016 564 2060 7)
591 2016 658 2049 Cfr.
687 2017 784 2049 Rom.
810 2018 834 2057 l,
861 2018 968 2052 1-4.

181 2072 214 2113 S)
240 2072 343 2104 Deest
368 2071 400 2103 in
426 2072 522 2103 editis
547 2076 592 2115 (v.
620 2086 646 2104 e.
671 2073 746 2104 edd.
772 2074 847 2117 Μ.),
882 2088 949 2106 non
975 2088 1052 2106 xero
1078 2075 1109 2106 iu
1129 2074 1209 2108 Mss.

95 2131 217 2150 „suosuu
249 2117 285 2148 R.
381 2116 414 2159 9)
443 2117 450 2148 l
480 2116 559 2149 Cor.
588 2118 644 2154 lX.
669 2117 699 2151 9.
727 2117 778 2152 10.
804 2120 882 2151 coll.
908 2120 1009 2153 Dent.
1027 2120 1135 2159 XXV,
1159 2121 1188 2153 4.

165 2174 215 2216 ¹⁰)
242 2173 297 2206 Sic
315 2173 394 2205 Mss.
416 2173 505 2216 Editi
523 2176 567 2217 (v.
584 2188 608 2206 c⁴
626 2175 700 2206 edd.
718 2175 783 2217 M.)
805 2175 918 2209 „bovis
937 2175 1150 2209 triturantis.«
1173 2177 1209 2208 R·

164 2229 215 2271 ¹¹)
241 2228 297 2262 Sic
322 2229 401 2261 Mss.
426 2229 514 2261 Editi
540 2232 584 2273 (v.
613 2244 637 2262 c.
658 2231 731 2262 edd.
751 2231 814 2275 M.)
843 2245 921 2265 »nos
948 2232 1054 2264 votuit
1079 2231 1213 2264 dicere?

93 2274 256 2318 Proptcr'·‘
283 2283 344 2306 etc.
370 2275 406 2307 R.
