1404 2463
437 93 480 115 m:
507 81 699 115 Pssmcmns
724 81 834 112 Linea
862 81 901 115 ΙΙ,
1165 80 1231 115 223

107 186 184 216 ergo
211 186 347 212 eorum,
378 185 461 217 quae
487 171 626 204 creanda
652 179 762 209 erant,
797 170 867 213 ipse
893 169 1015 201 exstitit
1047 183 1162 210 causa,
1197 170 1230 202 in

107 249 175 280 quo
202 248 310 279 neque
336 227 473 266 vvarietas
497 234 625 277 aliqua,
650 244 758 275 neque
783 231 1005 275 permutatis),
1036 244 1142 275 neque
1168 231 1231 263 im-

108 297 314 341 possibilitas
338 296 454 335 inerat,
478 295 631 338 aequales
648 293 676 336 ¹)
702 293 825 324 creavit
850 293 1010 336 omnes2)
1037 306 1073 325 ac
1097 293 1233 333 similos,

109 372 192 402 qnos
217 358 358 397 creavit,
391 355 516 400 quippe
542 368 616 386 cum
641 354 731 386 nulla
757 353 786 385 ci
812 367 906 386 causa
931 354 1097 386 varietatis
1122 368 1158 386 ac
1184 354 1234 386 di-

110 419 271 451 versitatis
295 418 475 454 exsisteren
523 418 646 449 Verum
673 415 830 459 quoniam
844 416 877 459 3)
902 415 1118 447 rationabiles
1143 415 1232 459 ipsae

110 490 289 519 creaturae,
313 479 396 512 sicut
420 480 613 522 frequenter
637 477 855 518 ostendimus,
881 486 913 508 et
938 477 970 508 in
997 477 1072 509 loco
1098 490 1158 508 suo
1184 477 1233 508 ni-

110 542 289 574 bilominus
315 541 546 580 ostendemus,
580 539 708 572 arbitrii
734 539 877 571 facultae
903 539 1044 570 donatae
1067 548 1161 570 sunt:
1195 538 1232 570 li-

109 605 217 635 bertas
249 602 567 647 unumquemque‘)
593 601 772 634 voluntatis
795 613 872 632 suae
898 599 950 631 vel
976 600 1017 631 ad
1041 600 1231 643 profectum

109 677 170 708 per
205 662 423 695 imitationem
459 663 523 695 Dei
558 661 774 707 provocavit,
814 661 866 693 vel
897 661 938 693 ad
971 659 1139 692 desectum
1174 672 1233 703 per

109 725 342 766 negligentiam
373 725 479 757 traxit.
527 725 569 757 Et
602 725 729 769 haec5)
770 722 897 755 exstitit
937 735 1051 761 causa,
1086 721 1171 753 sicut
1202 731 1230 753 et

109 796 202 818 antea
233 785 300 831 jam
335 786 495 825 diximus,
534 785 732 818 diversitatis
756 785 842 817 inter
865 783 1080 816 rationabiles
1105 792 1232 815 creatu-

108 861 178 888 ras,
208 861 277 880 non
308 861 345 880 ex
381 847 610 891 conditorisfi)
636 848 807 879 voluntate
832 846 886 878 vel
916 845 1041 891 judicio
1070 845 1232 886 originem

109 909 258 950 trahens,
290 909 347 942 sed
372 908 528 953 propriae
554 909 715 941 libertatis
739 908 891 941 arbitrio.
938 907 1030 940 Deus
1055 919 1156 949 vero,
1182 906 1233 937 cui

108 970 172 1015 jam
204 980 388 1003 creaturam
419 984 511 1003 suam
544 984 606 1014 pro
631 970 752 1003 merito
778 970 970 1014 dispensare
994 968 1116 1014 justum
1142 968 1233 1000 vide-

109 1033 217 1072 batur,
242 1032 447 1065 diversitates
472 1033 634 1065 mentium
659 1032 692 1064 in
718 1031 814 1064 unius
842 1030 958 1063 mundi
983 1029 1232 1063 consonantiam

111 1096 224 1134 traxit,
250 1107 316 1139 quo
330 1093 363 1138 ⁷)
389 1095 480 1126 velut
503 1108 602 1126 unam
627 1095 785 1132 domum,
809 1093 842 1125 in
868 1105 930 1137 qua
955 1093 1060 1124 inesse
1074 1092 1108 1135 8)
1134 1092 1234 1124 debe-

112 1165 187 1188 rent
209 1169 278 1188 non
302 1156 411 1188 solum
436 1168 511 1188 vasa
536 1168 634 1188 aurea
659 1164 691 1188 et
715 1163 886 1196 argentea,
922 1154 979 1186 sed
1014 1163 1047 1185 et
1070 1153 1177 1194 lignea
1202 1162 1235 1184 et

113 1216 246 1256 fictilia,
283 1227 315 1249 et
352 1218 416 1250 alia
448 1217 584 1262 quidem
597 1219 630 1261 ⁹)
662 1217 702 1249 ad
735 1217 917 1254 honorem,
953 1215 1017 1247 alia
1051 1225 1162 1247 autem
1193 1215 1234 1246 ad

114 1279 363 1320 contumeliam,
397 1293 433 1311 ex
457 1279 527 1312 istis
553 1278 690 1311 diversis
715 1277 809 1317 vasis,
834 1277 886 1309 vel
911 1276 1040 1316 animis,
1051 1277 1117 1308 *vel
1141 1289 1234 1308 men-

111 1339 200 1372 tibus
234 1350 375 1373 ornaret.
423 1341 466 1373 Et
501 1341 556 1373 has
588 1353 715 1379 causas,
746 1348 784 1371 ut
809 1351 869 1380 ego
895 1337 1055 1377 arbitror,
1092 1338 1235 1369 mundus

111 1401 173 1434 iste
203 1415 281 1434 suae
305 1402 503 1434 diversitatis
528 1401 676 1446 accepit,
715 1402 794 1432 dum
812 1401 864 1444 ¹⁰)
888 1412 1161 1444 unumquemque
1186 1400 1235 1431 di-

114 1463 186 1495 vina
210 1463 420 1507 providentia
453 1478 515 1508 pro
542 1463 700 1495 varietate
725 1472 879 1494 motuum
903 1474 1059 1502 suorum,
1090 1461 1143 1493 vel
1167 1461 1235 1493 ani-

116 1538 248 1556 morum
278 1525 511 1570 propositique
536 1525 713 1569 dispensat.
761 1524 837 1567 Qua
861 1522 989 1556 ratione
1013 1537 1123 1568 neque
1147 1536 1236 1556 crea-

121 1692 158 1724 rt
208 1649 238 1713 ¹“)
254 1648 319 1725 I{ie
343 1648 419 1681 libri
445 1649 524 1680 editi
550 1649 596 1693 (ν.
623 1663 650 1682 c.
675 1648 750 1680 edd.
776 1647 862 1691 M.)‚
896 1646 954 1678 sed
980 1645 1060 1679 Mss.
1094 1658 1234 1690 „aequa-

136 1706 143 1724 ι
162 1705 208 1726 er.
287 1720 293 1726 .

211 1750 243 1792 ²)
267 1749 397 1781 Desunt
420 1749 452 1781 in
477 1750 551 1783 edd.
570 1748 616 1782 M.
643 1749 759 1781 verba:
785 1760 920 1779 »omnes
945 1759 981 1780 ac
1004 1746 1128 1779 similes
1153 1760 1235 1791 quos

119 1794 272 1826 creavit.“
412 1795 445 1838 3)
472 1796 557 1829 Edd.
587 1795 635 1828 Μ.
663 1794 890 1838 ‚,qu01110do.“

208 1850 241 1894 4)
268 1850 323 1882 Sic
350 1849 429 1882 Mss.
457 1851 546 1883 Alias
570 1852 616 1895 (v.
636 1865 662 1882 n.
680 1851 711 1882 in
731 1850 806 1882 edd.
825 1848 889 1892 Μ.)
916 1848 1234 1892 ,,ιιηυη](]υοι]ψιο,“

117 1895 157 1927 R.
182 1914 223 1919 -—
249 1895 333 1926 Vide
359 1895 590 1936 Origenianor.
617 1897 673 1930 lib.
702 1897 741 1927 ll.
767 1904 889 1938 quaest.
914 1895 986 1927 Vll.
1012 1907 1101 1925 num.
1129 1894 1178 1927 12.

213 1951 245 1993 ⁶)
271 1950 358 1983 Edd.
383 1950 430 1984 M.
458 1952 573 1984 »hoc.“

209 2007 242 2047 6)
267 2006 323 2038 Sic
348 2005 427 2041 Mss.
453 2009 543 2041 Alias
568 2011 613 2053 (v.
642 2021 668 2042 c,
694 2007 726 2038 in
752 2007 827 2039 edd.
853 2006 917 2049 M.)
945 2006 1153 2039 »creatoris.“
1180 2006 1218 2037 R.

209 2062 242 2105 ⁷)
267 2061 354 2095 Edd.
379 2063 425 2095 Μ.
452 2065 595 2109 ,,(]ιιο(1.ιι
736 2064 769 2106 ⁹)
796 2063 879 2094 Edd.
905 2061 953 2096 M.
982 2066 1104 2104 ‚,esse.“

209 2120 242 2161 ⁹)
267 2118 357 2149 Libri
383 2119 462 2150 editi
485 2121 531 2163 (v,
558 2132 583 2152 c.
606 2120 680 2152 edd.
700 2119 763 2163 Μ)
790 2119 971 2163 „quaedam
996 2119 1035 2151 ad
1062 2119 1235 2155 honorem,

121 2183 180 2203 ——,
205 2173 240 2195 ut
265 2176 302 2194 ex
328 2163 415 2195 istis«
444 2174 504 2196 etc.
531 2165 557 2196 R

193 2220 244 2262 ¹⁰)
269 2220 325 2252 Sic
352 2219 429 2252 Mss.
457 2223 563 2252 Antea
590 2220 670 2252 editi
696 2222 740 2264 (V.
766 2233 792 2252 c.
811 2221 885 2253 edd.
904 2221 968 2262 M.)
997 2221 1094 2252 »dum
1119 2232 1234 2251 unum-

120 2265 274 2308 quodque
301 2278 363 2308 pro
390 2265 542 2298 satietate
568 2275 720 2298 motuum
746 2279 892 2305 suorum,
919 2267 991 2297 vvl“
1019 2275 1079 2298 etc.
1106 2265 1145 2296 Ρι.
