1404 2463
152 131 220 166 458
648 132 826 166 Omezms

155 230 256 260 ctum,
282 221 338 266 qui
364 231 594 265 perscrutatur
619 221 719 254 etiam
737 222 908 266 profunda
927 221 1051 267 Dei‚⁸)
1076 220 1290 256 altitudinem

154 282 285 315 divinae
317 283 500 327 sapientiae
537 296 576 315 ac
612 283 769 316 scientiae
801 293 971 321 scrutans*
1013 297 1075 317 nec
1105 294 1218 318 tamen
1249 286 1291 318 ad

154 345 254 377 finem
281 354 334 387 et,
366 355 401 377 ut
436 345 480 377 ita
506 344 665 385 dixerim,
696 346 737 378 ad
763 345 916 377 intimam
943 345 1171 387 cognitionem
1196 357 1294 391 prae-

154 407 265 439 valens
298 406 498 450 pervenire,
532 407 765 451 desperatione
790 406 838 439 rei
865 417 898 440 et
922 416 1062 450 stupore
1088 408 1228 448 clamat,
1255 417 1292 452 βα

153 468 251 500 dicit:
298 468 399 512 „O²)
438 468 584 500 altitudo
623 468 816 501 divitiarum
854 467 1038 513 sapientiae
1071 479 1103 502 et
1133 470 1291 503 scientiae

152 530 252 562 Dei.“
299 529 344 562 Et
371 530 464 574 quod
496 530 732 574 desperatione
747 531 781 574 3)
813 532 983 575 perfectae
1015 531 1290 576 comprehensio-

152 592 202 624 nis
234 592 299 624 hoc
329 592 608 636 proclamaverit,
640 592 719 625 audi
743 592 854 637 ipsum
880 592 1067 625 dicentem:
1107 593 1289 636 „Quam⁴)

153 653 380 686 inscrutabilia
406 663 483 686 sunt
508 653 631 698 judicia
657 654 735 693 Dei,
761 663 795 686 et
819 666 919 698 quam
944 653 1193 697 investigabiles
1219 655 1289 688 viae

153 715 256 760 ejus.“
306 717 383 748 Non
417 715 504 748 enim
537 716 638 757 dixit,
678 715 818 748 difficile
860 729 958 759 posse
990 716 1129 748 scrutari
1164 714 1290 761 judicia

151 777 228 817 Dei,
253 778 311 809 sed
337 777 478 809 omnino
504 790 573 809 non
599 790 714 821 posse:
741 789 803 809 nec
828 775 912 809 dixit
936 777 1074 810 difficile
1099 778 1288 820 investigari

151 839 298 883 posse⁵)
331 838 398 870 vias
423 838 514 883 ejus,
549 839 609 870 sed
635 851 702 870 non
727 851 825 882 posse
850 838 1051 880 investigari.
1100 840 1289 883 Quantum-

153 913 283 944 cunque
310 899 398 932 enim
424 899 499 944 quis
523 899 556 932 in
582 900 763 932 scrutando
789 909 1008 944 promoveat,
1043 909 1078 932 et
1101 901 1214 933 studio
1238 901 1289 935 iu-

151 962 296 994 tentiore
321 961 489 1006 proficiat,
513 960 615 1003 gratia
641 974 778 1005 quoque
797 962 863 994 Dei
888 961 1032 1006 adjutus,
1057 973 1224 1007 sensuque
1248 963 1290 996 il-

152 1024 352 1064 luminatus,
378 1024 418 1055 ad
445 1023 633 1068 perfectum
662 1023 762 1055 finem
790 1036 925 1062 eorum,
951 1035 1037 1067 quae
1059 1024 1288 1068 requiruntur,

151 1085 327 1131 pervenire
360 1097 429 1118 non
460 1084 609 1129 poterit;
648 1084 747 1129 (189)
779 1097 841 1118 nec
873 1085 983 1118 omnis
1014 1098 1126 1125 mens,
1157 1087 1289 1130 quae‘)

151 1157 260 1180 creata
296 1157 361 1185 est,
398 1145 561 1191 possibile
593 1147 696 1178 habet
726 1147 800 1179 ullo
837 1160 956 1189 genere
988 1148 1290 1192 comprehendere,

155 1210 214 1242 sed
239 1218 277 1241 ut
300 1209 467 1241 invenerit
492 1209 655 1253 quaedam
681 1220 719 1240 ex
732 1209 764 1253 ⁷)
789 1208 849 1251 his,
876 1222 960 1254 quae
986 1219 1202 1254 quaeruntur,
1224 1209 1289 1242 ite-

150 1284 225 1303 rum
260 1270 353 1302 videt
383 1270 466 1311 alia3
505 1283 590 1314 quae
625 1272 815 1314 quaerenda
846 1281 934 1304 sunt.
983 1271 1086 1315 Quod
1100 1272 1134 1316 ⁸)
1160 1269 1220 1304 etsi
1246 1272 1286 1304 ad

150 1333 221 1376 ipsa
246 1332 449 1376 pervenerit,
474 1333 583 1364 multo
608 1333 731 1365 iterum
756 1335 854 1378 plura
880 1347 918 1366 ex
942 1333 1020 1373 illis,
1051 1347 1135 1379 quae
1159 1333 1287 1378 requiri

151 1395 315 1433 debeant,
347 1393 551 1438 pervidebit.
600 1394 746 1439 Propter
769 1397 860 1440 quod
888 1404 920 1428 et
944 1395 1206 1440 sapientissimus
1227 1397 1288 1429 Sa-

151 1458 270 1488 lomon
288 1465 438 1488 naturam
457 1468 568 1487 rerum
587 1469 648 1499 per
663 1456 860 1500 sapientiam
878 1457 1020 1497 intuens,
1037 1457 1099 1490 ait:
1126 1457 1239 1499 „Dixi‚
1251 1458 1286 1502 9)

149 1518 281 1562 sapiens
317 1517 462 1557 efficiar,
499 1526 531 1549 et
562 1517 632 1561 ipsa
663 1517 827 1561 sapientia
859 1518 958 1560 longe
990 1518 1078 1551 facta
1103 1527 1153 1551 est
1176 1530 1195 1551 a
1219 1532 1284 1560 me,

152 1582 251 1621 longe
289 1579 365 1623 plus
404 1592 503 1623 quam
537 1589 625 1611 erat:
667 1589 699 1611 et
729 1579 942 1613 altitudinem
973 1581 1178 1625 profundam
1211 1580 1285 1625 quis

151 1640 350 1674 inveniet?“
391 1641 459 1673 Sed
499 1649 531 1672 et
560 1639 673 1673 Esaias
711 1640 816 1673 sciens
853 1654 965 1674 rerum
997 1641 1091 1675 initia
1121 1655 1138 1674 a
1167 1651 1284 1675 natura

149 1801 223 1832 pag.
249 1787 326 1821 345.
351 1799 454 1831 seqq,
488 1785 546 1818 ubi
571 1785 792 1830 discrepantia
820 1785 1003 1819 {ectionum
1027 1787 1105 1821 satis
1129 1799 1285 1822 accurate

150 1833 335 1865 exhibetur.

246 1889 276 1932 ¹)
302 1889 407 1920 Deest
438 1887 471 1919 in
505 1887 601 1919 editis
631 1889 676 1930 (v.
709 1901 735 1919 c.
762 1887 839 1919 edd.
869 1888 950 1932 M),
986 1890 1045 1921 sed
1077 1889 1218 1922 habetur
1250 1889 1284 1923 in

152 1935 232 1968 Mss.
259 1933 379 1973 ,‚Dei.“
477 1932 511 1976 ²)
538 1933 607 1966 Cfr.
635 1934 733 1967 Rom.
758 1932 819 1973 Xl,
844 1932 898 1968 33.

243 1991 277 2033 ³)
305 1990 373 2023 Cir.
406 1990 459 2022 ed.
485 1989 614 2033 Redep.
646 2002 718 2034 pag.
744 1989 820 2024 365.
853 2000 921 2022 not.
949 1990 999 2025 18.

244 2047 278 2089 ⁴)
304 2047 403 2078 Rom.
429 2046 488 2083 ΧΙ,
514 2044 567 2080 33.

246 2102 278 2143 ⁵)
304 2102 408 2133 Deest
440 2101 474 2133 iu
507 2101 606 2134 editis
640 2103 686 2143 (v.
712 2114 739 2132 c.
766 2101 841 2132 edd.
868 2102 951 2144 M),
987 2103 1045 2135 sed
1077 2103 1217 2135 habetur
1249 2104 1282 2136 in

151 2147 230 2179 Mss
258 2150 408 2190 ‚‚posse.“
433 2148 473 2179 R.
570 2147 604 2190 ὃ)
630 2147 693 2178 Ed.
721 2146 770 2178 Μ.
797 2146 821 2178 I.
850 2159 956 2191 „quae
978 2157 1068 2180 recta
1094 2152 1177 2180 est.“

243 2202 274 2245 7)
302 2202 362 2233 Ed.
391 2202 437 2232 M.
465 2203 490 2234 Ι.
517 2203 579 2243 „ab
606 2203 690 2234 his.“

242 2259 276 2301 5)
304 2258 387 2289 Edd.
416 2257 450 2289 Μ
489 2258 615 2301 „Quod
640 2257 666 2290 si
694 2267 727 2290 et
752 2259 794 2291 ad
819 2258 910 2303 ipsa“
937 2268 999 2292 etc.

245 2315 278 2358 9)
304 2314 373 2346 Cfr.
398 2311 591 2347 Ecclesiast.
616 2314 689 2353 Vll,
714 2314 767 2349 23.
792 2314 845 2348 24.
