1404 2463
450 99 495 122 nn
519 88 712 122 anmpus
736 88 849 120 Lmen
876 87 915 120 11.
1190 86 1256 122 233

136 192 197 213 nos
222 178 394 220 convenit;
419 179 509 224 quod
534 178 682 210 futurum
708 177 871 210 credimus
895 177 960 209 hoc
986 176 1113 217 ordine,
1140 191 1206 222 quo
1223 179 1253 222 ¹)

139 243 284 284 „nudum
321 253 458 283 granum
496 237 673 277 frumenti,
712 247 767 270 aut
804 238 941 283 alicujus
981 243 1189 270 ceterorum“
1222 239 1254 272 in

136 312 223 336 terra
246 302 442 335 seminatum
467 299 624 333 describit
647 300 829 343 apostolus,
855 300 907 332 cui
933 299 1090 343 »Deus²)
1109 300 1164 332 dat
1181 314 1254 341 cor-¹

136 377 198 409 pus
210 365 244 408 ³)
267 373 369 408 prout
401 362 501 402 vult‚«
535 374 609 394 cum
633 359 777 404 primum
802 374 938 402 granum
962 360 1071 404 ipsum
1095 361 1255 395 frumenti

136 434 310 458 mortuum
334 424 443 456 fuerit.
490 424 538 455 Ita
561 434 705 465 namque
736 421 834 453 etiam
860 431 972 454 nostra
997 435 1139 466 corpora
1164 424 1256 456 velut

138 498 274 528 granum
307 486 424 518 cadere
448 484 483 516 in
505 493 626 516 terram
650 483 796 526 putanda
820 492 911 515 sunt:
945 483 1063 527 quibus
1087 483 1183 517 insita
1208 499 1257 518 ra-

138 547 186 579 tio
200 547 232 591 ⁴)
258 559 313 586 ea,
338 559 420 591 quae
443 544 656 578 substantiam
682 543 830 575 continet
854 545 1082 588 corporalem,
1108 547 1256 590 quamvis

140 617 291 641 emortua
329 607 453 639 suerint
489 619 652 654 eorpom,
693 614 726 637 ct
765 614 921 650 corrupta
960 615 1059 650 atque
1101 607 1257 652 dispersa,

138 670 240 702 verbo
263 678 374 701 tamen
397 667 571 715 Deiratio
598 667 655 699 illa
678 666 766 711 ipsa,
792 679 874 711 quae
899 679 1031 711 semper
1054 668 1088 700 in
1111 671 1260 703 substan-

136 731 183 763 tia
214 729 364 775 corporis
389 730 479 762 salva
503 738 568 770 est,
607 728 707 770 erigat
733 741 769 760 ea
795 729 834 760 de
860 738 966 768 terra,
992 739 1024 761 et
1047 730 1198 764 restituat
1222 746 1258 765 ac

137 801 278 836 reparet,
301 792 385 824 sicut
411 803 448 823 ea
474 791 586 831 virtus,
619 802 701 835 quae
727 799 774 822 est
798 789 832 821 in
856 802 956 831 grano
980 791 1150 832 frumenti,
1182 803 1260 837 post

139 852 391 897 corruptionem
417 851 486 896 ejus
511 862 543 884 et
566 861 710 883 mortem
734 861 874 895 reparat,
912 865 949 884 ac
973 852 1119 886 restituit
1133 854 1164 898 ⁵)
1189 867 1260 897 gra-

137 926 218 946 num
250 914 285 947 in
312 913 416 946 culmi
441 926 562 958 corpus
588 922 619 945 et
644 913 763 957 spicae.
810 913 853 944 Et
876 913 920 945 ita
945 913 993 946 his
1019 914 1170 958 quidem,
1203 917 1259 961 qui

139 974 230 1016 regni
262 976 436 1007 coelorum
468 974 706 1007 haereditatem
731 974 891 1018 consequi
914 976 1146 1017 merebuntur,
1175 979 1259 1010 ratio

138 1035 198 1068 illa
221 1037 396 1080 reparandi
422 1036 591 1080 corporis,
627 1048 725 1080 quam
750 1047 848 1078 supra
873 1035 1033 1076 diximus,
1070 1039 1136 1071 Dei
1160 1039 1258 1085 jussu,

140 1110 178 1129 ex
210 1107 342 1130 terreno
376 1107 408 1129 et
440 1098 573 1129 animali
605 1110 747 1141 corpore
779 1109 900 1140 corpus
923 1108 1055 1142 reparat
1079 1101 1261 1145 spirituale,

141 1159 232 1203 quqd
266 1159 413 1191 habitare
449 1159 555 1203 possit
585 1159 618 1191 in
647 1159 766 1199 coelis3
796 1158 845 1190 his
877 1172 974 1199 vero,
1012 1161 1070 1205 qui
1093 1161 1261 1196 inferioris

140 1220 250 1252 meriti
274 1220 408 1260 fuerint,
433 1222 485 1253 vel
510 1219 710 1265 abjectioris,
736 1212 788 1251 vel
815 1219 911 1252 etiam
938 1221 1044 1254 ultimi
1064 1233 1094 1255 et
1111 1225 1261 1265 abstrusi,

140 1295 203 1326 pro
237 1281 494 1327 uniuscujusque
527 1282 611 1314 vitae
648 1290 746 1325 atque
785 1283 913 1313 animae
952 1281 1127 1324 dignitate,
1163 1285 1261 1318 etiam

141 1343 247 1386 gloria
273 1343 424 1388 corporis
448 1353 480 1376 et
505 1343 643 1385 dignitas
670 1344 782 1375 datur:
815 1343 905 1388 ita5)
938 1353 1065 1384 tamen,
1102 1355 1140 1378 ut
1163 1347 1262 1392 (102)

142 1405 240 1438 etiam
266 1418 403 1446 eorum,
439 1405 495 1449 qui
519 1406 561 1438 ad
585 1405 693 1447 ignem
718 1413 907 1444 aeternum,
945 1405 997 1436 vel
1028 1405 1068 1437 ad
1097 1407 1263 1451 supplicia

142 1466 327 1499 destinandi
358 1476 450 1506 sunt,
482 1480 542 1511 per
570 1467 675 1511 ips-:im
707 1465 959 1498 resurrectionis
983 1468 1264 1510 permutationem

143 1528 187 1561 ita
201 1529 233 1573 ⁷)
258 1541 379 1572 corpus
403 1527 634 1573 incorruptum
659 1527 711 1567 sit,
735 1528 824 1572 quod
837 1527 870 1571 Β)
895 1528 1045 1569 resurgit,
1069 1538 1106 1560 ut
1128 1542 1170 1562 ne
1187 1544 1264 1575 sup-

147 1650 305 1692 »dignum
335 1650 460 1695 aliquid
492 1663 529 1682 ex
563 1650 672 1683 divina
703 1651 803 1692 gratia
827 1660 1012 1695 sperantes,
1048 1665 1117 1685 non
1143 1668 1264 1689 convc-

146 1696 215 1728 ῃίῐ.ιι
243 1705 303 1727 etc.
352 1696 419 1729 Sed
444 1697 524 1728 Mss.
550 1709 660 1728 veram
686 1697 864 1728 lectionem
890 1696 1074 1729 restituunt.
1101 1698 1141 1731 R.

244 1753 276 1794 ι)
297 1751 358 1785 Ed.
386 1752 433 1784 M.
460 1753 484 1784 1.
513 1752 656 1795 ,μου
684 1772 723 1777 -
750 1752 818 1785 cfr.
845 1752 857 1783 1
885 1752 963 1786 cur.
988 1753 1064 1794 xv,
1089 1752 1142 1789 37.

238 1806 271 1849 2)
297 1808 309 1838 l
335 1807 411 1840 cor.
436 1807 510 1847 xv,
534 1807 587 1842 38.

239 1862 272 1906 ³)
297 1863 402 1896 Deest
428 1863 460 1895 in
484 1872 579 1896 antea
604 1863 699 1896 editis
725 1864 768 1906 (v.
795 1876 820 1895 c.
848 1864 925 1898 edd.
944 1865 1020 1909 M.),
1044 1866 1102 1898 sed
1126 1867 1265 1903 habetur

148 1908 182 1939 in
207 1906 286 1940 Mss.
313 1912 486 1952 „corpus.“
513 1909 551 1942 R.

240 1964 274 2006 4)
299 1963 355 1997 Sic
378 1964 456 1997 Mss.
482 1963 573 1996 Libri
597 1964 677 1998 editi
703 1964 748 2008 (V.
775 1978 800 1997 e.
827 1965 902 1998 edd.
926 1966 991 2009 M.)
1019 1967 1198 2007 „ratione.“
1225 1972 1263 2004 R.

241 2019 272 2062 5)
298 2018 354 2052 Sic
388 2018 516 2063 optime
553 2032 667 2053 omnes
700 2021 806 2054 Codd.
839 2020 918 2054 Mss.
952 2022 1118 2056 Mendose
1155 2036 1265 2060 autem

148 2063 237 2129 libriu
251 2063 402 2141 egitist.
428 2077 454 2096 c.
479 2065 555 2098 edd.
580 2066 644 2109 M.)
674 2066 837 2098 »restituit
861 2066 970 2100 vivum
996 2081 1118 2113 corpus
1143 2080 1175 2103 et
1199 2073 1266 2117 spi-

149 2122 216 2143 cae.
296 2135 302 2141 .

241 2166 274 2209 ⁶)
298 2165 383 2198 Edd.
416 2164 463 2197 Μ.
495 2165 567 2207 „ita
598 2175 708 2200 tamen
750 2177 786 2200 ut
826 2181 960 2208 eorum,
1001 2170 1059 2213 qui
1093 2171 1192 2205 etiam
1225 2174 1266 2205 ad

152 2210 286 2253 ignem«
315 2220 374 2243 etc.
433 2216 437 2218 “
470 2209 502 2255 ⁷)
529 2211 597 2244 Cfr.
623 2213 672 2246 ed.
700 2213 827 2257 Redep.
853 2227 926 2258 pag.
950 2213 1026 2248 227.
1052 2226 1121 2250 not.
1146 2218 1199 2252 28.

242 2266 275 2310 ⁸)
301 2265 357 2299 Sic
383 2265 462 2300 Mss.
487 2267 578 2300 Alias
603 2269 648 2312 (v.
667 2282 694 2301 c.
713 2268 744 2301 in
763 2269 837 2303 edd.
855 2270 923 2314 Μ.)
951 2279 1007 2303 »ut
1029 2278 1209 2315 resurgat.“
1228 2275 1265 2307 R.
