1404 2463
391 157 434 179 nr.
461 147 652 180 anclpus
676 147 789 179 Lmen
814 148 837 179 I.
1138 148 1182 182 55

51 235 278 277 magnitudine
302 236 353 268 sui
377 237 566 269 universum
592 237 709 269 orbem
744 246 851 269 terrae
884 245 1029 273 teneret,
1059 246 1091 269 et
1114 250 1177 281 pro

49 296 100 330 sui
124 296 342 330 immensitate
366 296 567 329 considerari
598 310 615 330 a
645 298 741 330 nullo
772 306 903 342 posset;
935 297 1031 330 fieret
1063 307 1174 330 autem

49 358 112 391 alia
135 368 241 391 statua
265 359 492 391 membrorum
518 358 634 391 habitu
658 372 696 392 ac
720 360 831 392 vultus
856 357 1076 396 lineamentis,
1100 371 1175 402 spe-

48 419 98 452 cie
121 433 158 452 ac
183 419 320 452 materia
344 432 405 464 per
430 419 544 452 omnia
567 419 685 453 similis
709 422 833 466 absque
851 419 1086 462 magnitudinis
1111 418 1173 452 irn-

47 481 238 522 mensiune,
268 494 331 525 pro
357 493 417 522 e0‚
455 490 493 513 ut
522 481 579 525 qui
609 481 702 514 illam
732 481 929 514 immensam
961 479 1173 514 considerare

46 551 145 586 atque
169 541 291 575 intueri
314 554 383 574 non
405 551 560 586 possent,
577 543 607 586 ¹)
641 542 724 575 hanc
748 542 912 583 videntes,
946 542 1040 574 illam
1065 553 1099 573 se
1125 539 1173 572 vi-

46 604 132 635 disse
157 603 411 642 confiterentur,
443 616 506 648 pro
533 617 592 644 eo,
623 604 715 648 quod
747 603 858 636 omnia
883 604 1113 636 membrorum
1140 609 1173 633 et

46 665 157 697 vultus
181 665 397 704 lineamenta,
433 665 486 705 vel
516 665 620 710 ipsam
645 665 790 710 speciem
814 665 1055 708 materiamque
1080 662 1172 695 simi-

45 727 186 761 litudine
211 739 346 770 prorsus
370 726 547 760 indiscreta
570 736 735 759 servaret:
760 726 819 759 tali
844 727 988 771 quadam
1012 725 1169 758 similitu-

45 789 122 822 dine
146 787 336 823 exinaniens
359 800 393 820 se
416 788 524 821 Filius
547 788 614 821 Dei
639 789 725 834 de²)
757 788 956 834 aequalitate
980 786 1105 826 Patris,
1136 795 1169 818 et

44 850 131 883 viam
155 845 252 885 nuliis
277 849 476 891 cognitionis
511 848 626 895 ejus³)
661 851 858 890 ostendens,
888 849 992 892 figura
1015 860 1168 892 expressa

40 911 240 945 substantiae
265 910 334 957 ejus
364 911 527 954 efficitur3
556 921 593 943 ut
623 911 680 955 qui
711 911 745 944 in
776 910 1003 953 magnitudine
1035 908 1167 941 deitatis

40 986 117 1007 snae
140 973 283 1018 positam
315 972 455 1014 gloriam
470 973 504 1017 ⁴²)
535 972 639 1006 mirae
670 973 754 1006 lucis
784 986 853 1005 non
885 981 1079 1019 poteramus
1108 970 1166 1002 ad—

38 1035 179 1080 spicere,
203 1047 264 1079 per
287 1035 351 1066 hoe
376 1035 468 1078 quod
491 1034 589 1066 nobis
613 1035 777 1078 splendor
800 1033 962 1071 efficitur,
984 1032 1165 1065 intuendae

39 1096 123 1131 lucis
153 1096 286 1130 (livinae
318 1095 405 1127 viam
442 1108 503 1139 per
532 1095 723 1140 splendoris
763 1095 930 1140 capiamus
962 1094 1164 1138 adspectum.

41 1157 257 1202 Comparatio
276 1157 309 1200 ⁵)
334 1169 410 1189 sane
437 1156 478 1189 de
501 1157 618 1190 statuis
644 1156 738 1202 quasi
759 1156 793 1189 in
816 1157 915 1189 rebus
939 1154 1165 1188 materialibus

0 1219 1 1226 ¹
39 1219 165 1263 posita,
203 1218 244 1250 ad
268 1217 352 1250 nihil
382 1217 474 1250 aliud
498 1218 676 1263 recipitur,
712 1231 810 1264 quam
840 1219 882 1251 ad
907 1218 990 1258 hoc,
1025 1216 1164 1261 quod⁶)

135 1401 165 1444 ¹)
190 1401 238 1432 lta
263 1399 345 1432 Mss.
371 1399 462 1431 Alias
493 1400 542 1443 (v.
568 1413 596 1435 c.
620 1399 653 1432 in
677 1401 752 1433 edd.
778 1402 844 1446 Μ.)
870 1409 1048 1446 ,‚possunt,
1081 1400 1161 1432 hane

40 1458 188 1490 videntes
211 1456 303 1489 illam
328 1454 449 1487 vidisse
474 1455 696 1489 considerent.
721 1458 759 1489 R.

129 1514 163 1557 ²)
187 1513 292 1545 Deest
316 1512 401 1551 „de“
426 1510 460 1542 in
486 1512 561 1544 edd.
587 1513 635 1544 M.

127 1571 160 1611 ³)
186 1569 290 1601 Deest
315 1567 427 1612 „ejus“
452 1567 486 1599 in
511 1568 587 1601 edd.
612 1568 659 1600 Μ.

127 1625 160 1662 ⁴)
185 1625 247 1657 Ed.
273 1624 322 1657 M.
348 1624 372 1657 l.
397 1636 592 1668 perperam:
620 1624 811 1666 „gloriam
804 1624 887 1656 inire
913 1625 1005 1656 lucis.
1012 1628 1028 1644 “

129 1682 161 1723 ⁵)
187 1679 334 1712 Multum
370 1678 580 1730 Hieronymo
618 1679 790 1723 displicuit
828 1680 908 1712 llaec
940 1679 1159 1723 companatio,

38 1739 135 1777 quam
160 1726 246 1756 inter
270 1723 422 1765 Origenis
455 1737 584 1757 errores
615 1725 766 1757 xitandos
791 1725 926 1776 reponit
949 1724 1092 1776 epistola
1117 1726 1158 1755 ad

41 1770 174 1803 Avitum
202 1769 250 1800 his
274 1768 398 1801 verbis:
433 1770 604 1809 „Duarum
629 1779 828 1809 statuarum,
860 1770 994 1813 majoris
1027 1779 1060 1801 et
1084 1782 1158 1813 par-

39 1816 143 1854 vulae,
168 1813 274 1851 unius,
299 1826 383 1857 quae
414 1815 576 1847 mundum
606 1815 675 1859 imp
680 1815 760 1854 leat,
786 1824 823 1847 -et
853 1814 1079 1857 magnitudine
1102 1827 1159 1846 sua

40 1859 290 1909 quodammodo
321 1859 492 1892 invisibilis
525 1860 584 1898 sit,
616 1870 648 1892 et
656 1829 824 1898 palterius,
849 1873 933 1905 quae
956 1860 1017 1891 sub
1043 1859 1161 1891 oculos

41 1906 151 1944 cadat,
176 1902 274 1947 ponit
297 1905 503 1947 exemplum:
535 1905 639 1949 priori
670 1915 817 1949 patrem,
848 1904 1028 1949 posteriori
1053 1904 1159 1936 filium

43 1962 246 1993 comparans
252 1953 268 1967 “
317 1948 427 1980 Cruda
452 1949 562 1994 itaque
588 1959 621 1981 et
643 1950 828 1991 indigesta
822 1963 853 1982 in
873 1950 1002 1982 Giaeco
1026 1962 1159 1981 necesse

42 2004 91 2028 est
115 1994 217 2027 {uerit
242 1994 320 2024 haec
345 1995 561 2037 comparatio,
585 1996 641 2027 sed
666 2005 784 2039 postea
808 2009 824 2027 a
849 1996 972 2027 Rufino
998 1995 1159 2033 emollita,

41 2050 72 2072 et
96 2040 135 2071 ad
162 2037 428 2071 commodiorem
459 2052 589 2071 sensum
623 2041 820 2084 quibusdam
850 2040 991 2078 additis,
1025 2040 1160 2083 quibus-

41 2087 116 2163 (113111
142 2083 482 2162 Λευιπὸεῑὶἷῖτενοςᾝῑα
518 2085 602 2116 Vide
623 2086 855 2127 Origenianor
887 2085 944 2117 lib.
967 2086 1007 2117 ll.
1033 2094 1156 2128 quaest

42 2133 51 2163 l
106 2143 183 2162 num

132 2186 165 2227 ⁶)
190 2184 246 2217 Sic
278 2195 392 2214 omnes
420 2184 508 2215 Mss.
542 2184 631 2217 Alias
652 2185 709 2236 .(ν
741 2199 766 2218 c
792 2185 824 2217 in
834 2187 923 2236 edd.
949 2187 1013 2228 Μ.)
1047 2187 1161 2230 „quod

41 2230 148 2264 Filius
181 2229 246 2262 Dei
277 2241 439 2279 apparens
470 2228 501 2260 in
534 2229 628 2261 ternis
652 2230 685 2261 in
710 2223 852 2262 human:
868 2232 1019 2275 emporis
1043 2233 1160 2267 torma,

43 2290 79 2308 ex
111 2287 252 2320 operum
284 2275 422 2313 virtute,
457 2283 556 2318 atque
588 2274 804 2307 similitudine
834 2277 900 2308 Dei
934 2276 1039 2308 Patris
1069 2276 1101 2307 in
1127 2289 1159 2307 se

42 2322 256 2354 immensam-⁴
283 2327 345 2351 etc.
369 2319 409 2350 R.
