1404 2463
376 93 417 114 υΕ
443 82 629 115 Pammpus
654 82 763 114 Lim-:11
790 82 828 112 ΙΙ.
1100 80 1160 114 199

60 169 194 208 diebus,
229 179 260 201 et
296 171 463 211 effundam
496 172 535 202 de
566 171 683 214 spiritu
716 185 790 202 meo
815 183 914 214 super
938 184 1069 202 omnem
1095 184 1161 202 cnr·

6 265 9 269 ,
60 243 153 270 uem,
178 240 210 263 et
233 233 521 276 prophetabunt:“
553 232 641 276 quod
666 232 778 276 utique
804 232 866 263 'tale
892 241 939 263 est
961 232 1045 263 sicut
1068 232 1162 269 illud,

61 293 152 336 quod
183 291 245 325 ait:
288 293 476 336 „Omnes')
509 302 618 334 gentes
647 295 788 325 servient
823 293 884 325 ei.“
931 293 995 324 Per
1029 294 1172 333 gratiam,

62 353 137 397 (93)
157 367 233 396 ergo
251 355 392 399 Spiritus
415 355 517 387 sancti
543 368 615 386 cum
641 354 776 398 reliquis
801 353 1049 398 quamplurimis
1067 353 1163 385 etiam

62 415 145 447 illud
169 415 523 457 magnificentissimum
549 417 808 453 demonstratur,
834 416 923 459 quod
949 428 1001 454 ea,
1026 427 1107 459 quae
1131 415 1165 446 in

61 477 233 521 prophetis
255 477 375 522 script-1
397 486 482 517 sunt,
508 477 603 521 vel²)
629 477 699 518 lege
717 476 832 516 Musis,
857 476 952 520 pauci
976 486 1064 516 tunc,
1089 475 1166 519 id³)

63 548 111 570 est
135 538 197 583 ipsi
220 539 419 583 prophetae,
450 548 483 570 et
505 539 600 582 vix¹²)
625 537 731 570 sicubi
754 551 836 569 unus
862 551 899 569 ex
924 537 1014 569 omni
1037 538 1166 581 populo

61 612 216 644 superare
239 609 371 644 poterat
393 600 599 633 intellectum
623 612 834 643 corporeum,
859 608 890 631 et
914 599 1017 644 majus
1033 598 1168 642 aliquid,

63 661 97 693 id
130 671 193 701 est,
226 661 394 706 spirituale
427 651 508 706 quid
543 671 674 705 poterat
703 661 886 702 intelligere
918 660 950 692 in
976 661 1046 701 lege
1072 660 1167 703 vel⁵)

63 722 251 767 propheti53
283 736 371 755 nunc
400 732 509 755 autem
540 723 731 755 innumerae
755 732 829 755 sunt
852 722 1076 754 multitudines
1100 735 1169 754 cre-

64 784 224 824 dentium,
248 784 304 829 qui
328 784 408 817 licet
430 797 497 816 non
522 797 636 816 omnes
660 784 831 828 possiutfi)
856 797 915 828 per
938 784 1099 822 ordinem,
1123 792 1169 814 at-

64 858 128 889 que
146 845 180 890 ⁷)
217 847 258 878 ad
302 845 464 890 liquidum
504 845 682 890 spiritualis
721 844 956 886 intelligentiae
998 845 1170 889 explanare

64 907 352 951 consequentiam,
386 917 495 940 tamen
533 920 647 940 omnes
680 920 871 952 persuasum
902 908 1039 945 habent,
1080 906 1169 949 quod

65 981 172 1013 neque
211 968 416 1001 circumcisio
457 969 674 1013 corporaliter
712 968 851 1010 intelligi
890 969 1025 1006 debeat,
1065 980 1170 1012 neque

66 1030 172 1062 otium
196 1030 340 1069 sabbati,
374 1030 425 1062 vel
448 1030 610 1071 sanguinis
635 1029 754 1063 effusio
778 1029 926 1074 pecoris,
950 1042 1055 1074 neque
1081 1030 1172 1073 quod

66 1093 107 1123 de
130 1091 178 1124 his
202 1092 291 1124 Mosi
315 1104 469 1135 responsa
494 1092 650 1124 darentur
673 1105 690 1124 a
716 1092 807 1124 Deo:
840 1091 895 1136 qui
928 1091 1039 1135 utique
1063 1103 1172 1123 sensus

67 1153 204 1186 dubium
227 1166 295 1185 non
320 1163 386 1192 est,
422 1154 557 1197 qu0d⁸)
581 1153 723 1197 Spiritus
755 1152 856 1185 sancti
881 1152 998 1184 virtute
1022 1151 1173 1184 omnihus

67 1224 265 1258 suggeratur.

155 1276 186 1311 3.
233 1276 326 1309 Sicut
356 1285 465 1308 autem
496 1276 593 1308 multi
631 1285 705 1308 sunt
739 1275 926 1307 intellectus
956 1275 997 1307 de
1028 1274 1173 1314 Christo,

69 1338 126 1382 qui
149 1338 265 1381 utique
289 1337 436 1381 quamvis
459 1337 619 1381 sapientia
641 1337 700 1377 sit,
735 1350 802 1369 non
827 1345 936 1369 tamen
960 1336 995 1368 in
1022 1336 1174 1368 omnibus

67 1398 245 1444 sapientiae
276 1397 341 1440 agit
370 1407 426 1430 aut
451 1398 578 1430 obtinet
604 1399 686 1437 vim,
722 1399 782 1430 nisi
806 1398 839 1430 in
865 1397 931 1438 his,
964 1397 1020 1443 qui
1044 1397 1078 1431 in
1102 1397 1174 1442 ipso

69 1460 247 1504 sapientiae
281 1460 429 1501 student3
471 1472 578 1503 neque
614 1473 689 1492 cnm
726 1460 873 1492 medicus
914 1459 1058 1500 dicatur,
1104 1472 1175 1500 erga

72 1534 186 1554 omnes
216 1520 307 1565 quasi
337 1520 484 1553 medicus
515 1520 597 1563 agit,
634 1522 692 1553 sed
722 1534 795 1563 erga
826 1521 901 1553 illos
937 1530 1080 1560 tantum,
1122 1521 1177 1565 qui

72 1581 283 1624 aegritudiuis
313 1595 388 1615 suae
418 1582 588 1614 intellecto
618 1583 775 1624 languore
800 1582 995 1623 confugiunt
1018 1583 1056 1614 ad
1082 1581 1178 1613 mise-

72 1643 250 1677 ricordiam
276 1642 354 1688 ejus,
378 1652 413 1675 ut
436 1643 563 1688 possint
586 1645 741 1689 consequi
765 1644 952 1676 sanitatem:
978 1643 1022 1675 ita
1038 1643 1179 1675 arbitror

76 1705 173 1737 ctiam
207 1706 248 1740 de
272 1704 401 1749 Spiritu
423 1715 555 1745 sancto,
585 1705 618 1738 in
644 1719 710 1750 quo
735 1705 841 1738 omnis
866 1714 913 1737 est
936 1705 1092 1748 natura⁹)
1120 1704 1179 1737 do-

170 1817 199 1859 ¹)
224 1816 343 1849 Psalm.
367 1816 501 1856 LXXll,
526 1816 578 1851 11.
603 1817 754 1861 (LXXI.)

167 1873 202 1916 2)
226 1873 313 1906 Edd.
340 1873 386 1904 Μ.
413 1872 486 1913 „vel
509 1871 542 1904 in
568 1872 672 1914 lege-‘⁶

170 1929 206 1970 ³)
233 1929 277 1960 lm
296 1929 374 1960 Mss.
394 1927 479 1960 Alias
497 1929 542 1972 (v.
561 1941 587 1961 c.
600 1927 635 1960 in
653 1928 726 1960 edd.
742 1928 804 1972 M.)
826 1927 946 1969 „iidem
963 1928 1044 1973 ipsi“
1065 1937 1124 1960 etc.
1142 1928 1179 1959 R.

171 1987 203 2028 ⁴)
228 1985 289 2016 Ed.
314 1984 361 2016 Μ.
381 1983 404 2015 l.
431 1983 503 2024 „vix
526 1983 570 2015 sic
597 1983 657 2015 tibi
681 1987 784 2015 unus“
812 1992 868 2016 etc.

172 2042 203 2083 ³)
226 2040 312 2072 Edd.
336 2040 382 2072 M.
410 2044 493 2080 „et.“
632 2039 665 2082 6)
689 2039 773 2071 Edd.
799 2040 846 2072 M.
871 2044 1059 2085 „possunt.“

173 2097 204 2138 7)
229 2096 285 2129 sic
317 2096 395 2128 Mss.
421 2094 509 2127 Alias
542 2099 584 2138 (v.
617 2109 642 2127 c.
669 2094 700 2127 in
726 2095 799 2128 edd.
825 2097 888 2141 M.)
922 2110 1048 2141 „neque
1080 2098 1117 2129 nd
1145 2097 1182 2128 li-

81 2141 217 2186 quidum
242 2161 283 2165 -—
309 2139 469 2184 explicare
497 2139 783 2185 consequentiaru“
810 2150 868 2174 etc.
895 2143 932 2175 R.

173 2197 208 2241 ⁶³)
231 2197 292 2229 Ed.
319 2197 364 2229 Μ.
391 2196 428 2228 ΙΙ.
456 2196 588 2240 „quin.“

173 2253 206 2295 0)
230 2253 299 2285 Csr.
327 2252 378 2284 cd.
406 2252 531 2296 Βεὼρ,
557 2265 625 2296 pag.
650 2251 725 2287 204.
749 2263 814 2286 not.
841 2255 868 2288 1.
