1404 2463
446 106 492 130 nn
516 96 706 129 ancmns
732 95 844 127 Lmrm
870 95 912 127 Π.
1181 90 1245 124 237

127 188 233 222 mensi
257 187 383 221 doloris
407 198 561 230 generare
586 184 783 224 cruciatum,
808 184 897 227 ita¹)
923 195 998 215 cum
1022 182 1128 215 anima
1154 191 1242 214 extra

130 251 301 294 ordinem,
338 258 436 294 atque
461 259 672 292 compagem,
703 246 755 278 vel
782 258 853 277 eam
878 244 1100 283 harmoniam,
1133 256 1195 287 qua
1209 243 1243 286 ²)

129 313 171 345 ad
201 313 288 344 bene
327 311 489 353 agendum
525 318 558 341 et
587 307 713 340 utiliter
742 307 951 339 sentiendum
982 319 1001 338 a
1030 305 1106 336 Deo
1138 313 1245 336 creata

130 368 188 412 est,
213 371 314 404 fuerit
336 371 479 411 inventa,
500 384 561 403 nec
584 369 717 403 sibimet
738 368 803 413 ipsi
826 366 1074 401 rationabilium
1091 375 1244 397 motuum

130 434 325 478 compagine
358 445 556 472 consonare,
586 443 729 476 poenam
763 431 1011 473 cruciatumque
1034 427 1180 472 putanda
1204 426 1247 458 sit

130 496 251 528 suimet
281 494 383 539 ipsius
409 495 496 527 ferre
521 492 666 532 dissidii,
699 501 730 524 et
753 490 992 524 inconstantiae
1016 502 1112 530 suae,
1147 497 1245 531 atque

128 555 380 589 inordinationis
414 555 535 588 sentire
564 553 779 598 supplicium.
826 553 922 596 Quae
953 551 1082 584 animae
1106 549 1248 581 dissolu-

130 617 178 650 tio
210 626 308 660 atque
341 616 502 659 divulsio,
539 629 613 648 cum
646 614 785 648 adhibiti
807 614 891 656 ignis
914 613 1043 646 ratione
1068 611 1168 644 suerit
1193 624 1246 643 ex-

130 678 278 722 plorata,
308 676 377 709 sine
409 677 513 720 dubio
544 678 585 710 ad
610 677 794 710 firmiorem
819 675 869 707 sui
895 674 1125 719 compaginem
1137 673 1171 717 3)
1196 672 1250 704 ἰη-

126 738 432 782 staurationemque
456 739 629 771 solidatur.

217 799 247 834 6.
294 800 403 833 Multa
416 800 448 845 ¹¹)
472 809 548 833 sunt
573 799 671 832 etiam
703 799 785 840 alia,
810 811 894 843 quae
922 811 983 830 nos
1008 799 1128 836 latent,
1165 808 1247 840 quae

131 860 182 894 illi
212 861 278 894 soli
308 862 438 903 cognita
460 871 552 903 sunt,
588 861 645 906 qui
669 871 718 894 est
741 860 890 893 medicus
914 859 1098 892 animarum
1121 867 1250 890 nostra-

129 936 215 957 rum.
262 922 300 956 Si
324 923 412 956 enim
436 924 478 956 ad
503 922 655 967 corporis
678 922 851 955 sanitatem
874 934 937 966 pro
962 920 1012 953 his
1036 920 1141 959 vitiis,
1167 931 1250 963 quae

130 997 193 1029 per
219 998 326 1017 escam
348 993 535 1029 potumque
558 984 772 1026 collegimus,
806 983 1021 1016 necessariam
1035 982 1067 1027 ⁵)
1091 981 1250 1013 habemus

130 1047 300 1080 interdum
331 1046 521 1079 austerioris
556 1059 594 1079 ac
625 1045 845 1079 mordacioris
858 1045 890 1089 ⁶)
922 1042 1160 1077 medicamenti
1193 1056 1251 1075 cu-

132 1122 220 1151 ram3
243 1121 482 1153 nonnunquam
505 1120 602 1148 vero,
625 1107 698 1153 si7)
723 1107 759 1140 id
783 1106 854 1140 vitii
879 1106 1018 1151 qualitas
1043 1106 1252 1149 depoposce-

132 1170 193 1210 rit,
227 1170 337 1212 rigore
367 1169 448 1202 ferri
481 1178 513 1202 et
539 1169 696 1202 sectionis
720 1168 896 1213 asperitate
919 1167 1122 1209 indigemus3
1159 1165 1252 1210 quod

133 1230 162 1264 si
188 1231 286 1263 etiam
310 1231 436 1275 haecss)
460 1243 687 1275 supergressus
710 1230 812 1263 fuerit
834 1229 946 1262 morbi
969 1229 1106 1267 modus,
1137 1228 1179 1260 ad
1203 1227 1253 1258 ul-

134 1291 253 1325 timum
279 1301 478 1336 conceptum
508 1292 624 1325 vitium
649 1292 747 1325 etiam
771 1291 857 1333 ignis
882 1290 1005 1324 exurit:
1038 1298 1161 1334 quanto
1186 1300 1255 1320 ma·

131 1353 182 1396 gis
212 1354 465 1396 intelligendum
498 1363 547 1386 est
575 1363 608 1386 et
638 1355 726 1386 hunc
755 1352 925 1386 medicum
955 1360 1107 1384 nostrum
1129 1351 1254 1389 Deum,

134 1415 306 1448 volentem
331 1415 457 1447 diluere
482 1415 561 1448 vitia
583 1415 766 1448 animarum
790 1424 991 1453 nostrarum,
1016 1425 1099 1458 quae
1125 1425 1162 1444 ex
1177 1424 1255 1456 pec-

133 1486 287 1509 catorum
319 1486 352 1509 et
374 1477 536 1510 scelerum
562 1477 750 1509 diversitate
775 1476 995 1518 collegerant,
1026 1474 1076 1506 uti
1101 1473 1254 1519 hujusce-

134 1538 229 1570 modi
251 1538 450 1583 poenalibus
476 1539 571 1578 curis,
596 1539 731 1583 insuper
756 1537 855 1570 etiam
879 1537 960 1578 ignis
984 1536 1107 1569 inferre
1127 1535 1257 1579 suppli-

137 1599 226 1632 cium
251 1599 311 1640 his,
337 1599 394 1644 qui
417 1600 591 1632 sanitatem
614 1600 743 1632 animae
766 1597 1008 1644 perdiderunt?

228 1661 331 1707 Cujus
361 1660 411 1694 rei
434 1661 532 1706 (103)
557 1661 714 1704 imagines
745 1661 844 1693 etiam
875 1660 909 1692 in
933 1658 1113 1703 Scripturis
1137 1657 1256 1691 sanctis

238 1806 269 1850 ¹)
292 1807 377 1839 Edd.
401 1807 450 1839 M.
478 1807 544 1839 »ita
568 1807 674 1852 anima
699 1819 774 1839 cum
798 1814 888 1838 extra
913 1804 1087 1837 ordinem“
1114 1811 1176 1836 etc.

232 1862 266 1906 ²)
290 1862 353 1894 Ed.
388 1862 434 1894 M.
466 1863 492 1896 I.
532 1876 650 1907 »quam
688 1863 728 1895 ad
759 1854 843 1893 bene
874 1861 1058 1903 agcndum“
1094 1869 1169 1899 etc„
1205 1859 1256 1890 ed.

142 1907 189 1940 M.
215 1907 259 1940 Il.
285 1907 346 1948 „ad
370 1919 467 1951 quam
492 1909 532 1940 ad
556 1909 640 1940 bene
665 1908 848 1949 agendum“
875 1915 936 1940 etc.

233 1963 267 2006 3)
292 1963 376 1995 Edd.
401 1963 449 1995 M.
475 1966 722 2008 »compagem.“

236 2018 269 2062 ⁴)
297 2019 364 2052 Csr.
388 2018 533 2062 Apolog.
549 2019 715 2063 Pamphil.
733 2018 840 2061 (Orig.
859 2018 948 2062 Opp.
968 2018 1019 2050 cd.
1037 2015 1143 2049 Ruaei
1161 2015 1259 2048 Tom.

143 2064 210 2143 ἓξὲξ
225 2064 395 2108 Appeud.)
426 2077 499 2108 pag.
523 2064 575 2098 42.
600 2064 678 2097 coll.
712 2065 761 2096 ed.
786 2073 891 2097 nostr.
917 2063 1015 2095 Tom.
1039 2061 1163 2094 XXIV.
1187 2073 1260 2105 pag.

214 2135 220 2141 .
244 2121 311 2153 seq.

236 2164 269 2208 ⁵)
292 2164 355 2196 Ed.
380 2164 429 2198 M.
454 2165 479 2196 I.
503 2177 695 2209 perperam:
723 2164 994 2207 „necessarium.“

240 2219 275 2264 ⁶)
299 2219 348 2252 Ita
371 2219 449 2252 Mss.
475 2219 565 2253 Alias
582 2220 629 2265 (v.
646 2234 672 2254 c.
690 2220 724 2253 in
743 2221 817 2254 edd.
834 2220 900 2263 Μ.)
919 2217 1206 2260 ,‚m0deratioris.“
1225 2217 1264 2249 R.

237 2277 269 2320 ⁷)
293 2276 396 2309 Deest
421 2276 488 2318 „si“
513 2276 547 2309 in
573 2279 623 2310 ed.
648 2277 696 2312 M.
722 2278 745 2310 Ι.
854 2278 888 2321 ⁸)
913 2277 998 2309 Edd.
1025 2276 1072 2309 Μ.
1099 2274 1212 2317 „hoc-“
