1404 2463
199 135 264 169 522
663 144 708 166 Ex
729 136 907 167 Omenms

201 224 266 259 νὸν
296 222 461 259 θάνατον
491 223 805 269 ἀποθνήσκοντες,
847 226 885 259 ἐκ
921 226 994 259 τῶν
1026 225 1231 271 ἐνταῦθα’)
1261 239 1330 263 πε-

199 289 426 333 πραγμένων
457 288 758 332 οῗκονομοῦνται,
797 288 828 321 εἰ
855 291 1015 331 κριθεῖεν
1046 284 1139 328 ι’ἱξιοι
1169 290 1233 323 τοῦ
1263 302 1331 323 κα-

201 351 382 393 λουμένου
407 351 547 395 χωρίου
578 347 731 394 ᾅδου,2)
762 347 885 384 τόπων
917 347 1109 395 διαφόρων
1137 349 1333 396 τυγχάνειν

201 409 292 445 κατὰ
317 409 383 454 τὴν
406 410 612 455 ἀναλογίαν
634 412 706 444 τῶν
731 409 1023 455 ἁμαρτημάτων·
1050 410 1162 451 οὕτως
1186 415 1220 447 οἱ
1237 413 1332 448 ἐκεῖ-

201 477 280 516 θεν,
305 472 348 506 ἵν’
376 470 488 510 οὕτως
511 475 620 516 εἴπω,
646 471 943 515 ἀποθνήσκοντες
969 476 1017 512 εἷς
1040 473 1105 508 τὸν
1129 472 1223 519 ᾅδην
1240 477 1333 510 τοῦ·

201 547 266 569 τον
298 537 576 578 καταβαίνουσι,
621 532 829 579 κρινόμενοι
869 531 963 574 ἄξιοι
999 537 1073 570 τῶν
1103 535 1167 570 τοῦ
1197 536 1335 575 παντὸς

200 600 388 642 περιγείου
423 595 539 631 τόπου
577 595 768 643 διαφόρων
806 599 1019 641 οἰκητηρίων
1056 595 1270 641 βελτιόνων,
1313 596 1335 640 ἢ

197 657 394 705 χειρόνων·
435 659 495 691 καὶ
526 657 626 701 παρα
658 660 799 703 τοῖσδε,
837 656 858 703 ἢ
890 659 1011 693 τοῖσδε
1035 663 1110 698 τοῖς
1131 658 1331 704 πατράσιν·

201 719 247 760 ὥς
273 719 462 755 δύνασθαί
481 733 569 754 ποτε
589 720 811 765 Ἰσραηλίτην
836 724 962 755 πεσεῖν
987 721 1021 758 ἒς
1048 720 1147 765 (186)
1171 720 1331 763 Σκύθας,

202 786 263 818 καὶ
296 782 504 828 Αἰγύπτιον
545 785 593 821 εἰς
630 782 694 825 τὴν
722 783 904 816 Ἰουδαίαν
934 785 1132 818 κατελθεῖν.
1179 782 1284 826 Πλὴν
1315 782 1332 818 ὁ

201 845 320 892 σωτὴρ
351 848 576 888 συναγαγεῖν
607 838 696 886 ἦλθε
709 844 744 888 ³)
773 843 818 877 τὰ
855 842 1021 889 πρόβατα
1051 843 1093 877 τὰ
1119 844 1334 879 ἀπολωλότα

202 911 305 943 οἴκου
325 903 479 950 Ἰσραήλ.
517 907 592 938 Καὶ
617 908 764 940 πολλῶν
788 903 861 939 ἀπὸ
887 906 950 939 τοῦ
971 903 1110 950 Ἰσραὴλ
1134 903 1185 950 μὴ
1211 906 1334 946 εἰξάν-

201 981 273 1005 των
312 970 352 1017 τῇ
391 968 610 1011 διδασκαλίᾳ
649 968 775 1002 αὐτοῦ·
817 969 853 1001 οἱ
888 965 962 1001 ἀπὸ
1000 969 1073 1002 τῶν
1108 967 1230 1002 ἐθνῶν
1263 981 1333 1002 κα-

200 1029 408 1074 λοῦντιιι.4)

294 1118 397 1128 .....
418 1093 625 1137 Κέκρυπται
659 1092 716 1135 δὲ,
748 1089 795 1129 ὠς
817 1089 1031 1137 ἡγούμεθα,
1068 1091 1108 1125 ἐν
1131 1095 1209 1131 ταῖς
1231 1095 1333 1127 ἱστο-

202 1161 295 1205 ρίαις
332 1156 460 1190 ταῦτα.
506 1157 580 1188 Καὶ
616 1154 688 1199 γὰρ
730 1152 769 1196 »ἦ
784 1153 816 1198 ⁵)
852 1155 1016 1196 βασιλεία
1055 1155 1127 1188 τῶν
1165 1148 1334 1199 οὐρανῶν

202 1218 314 1264 ὁμοία
355 1217 430 1252 ἐστὶ
467 1219 640 1260 θησαυρῷ
681 1218 919 1262 κεκρυμμένῳ
957 1215 997 1249 ἓν
1031 1217 1084 1262 τῷ
1122 1215 1246 1263 ἀγρῷ,
1289 1214 1332 1251 ὃν

200 1279 318 1326 εὑρών
349 1276 544 1323 ἅνθρωπος
582 1279 737 1322 ἔκρυψε,
783 1279 843 1312 καὶ
879 1275 952 1312 ἀπὸ
983 1279 1044 1321 τῆς
1070 1280 1190 1323 χαρᾶς
1220 1278 1336 1314 αὐτοῦ

201 1342 354 1389 ὑπάγει,
391 1343 452 1375 καὶ
482 1339 604 1374 πάντα
635 1338 704 1374 ὅσα
729 1341 801 1385 ἔχει
825 1342 957 1383 πωλεῖ,
991 1342 1053 1374 καὶ
1076 1340 1245 1386 ἀγοράζει
1269 1341 1333 1377 τὸν

201 1403 319 1452 ἀγρὸν
349 1404 526 1438 ἓκεῖνον.«
572 1400 847 1444 Ἐπιστήσωμεν
878 1397 963 1446 οὖν,
999 1405 1029 1437 εἴ
1057 1402 1109 1449 μὴ
1134 1403 1173 1438 τὸ
1195 1403 1331 1448 βλεπό-

200 1479 316 1513 μενον
339 1467 399 1508 τῆς
422 1465 578 1510 γραφῆς,
611 1465 671 1497 καὶ
697 1461 735 1497 τό
760 1461 979 1498 ἐπιπόλαιον
1005 1463 1125 1508 αὐτῆς,
1151 1467 1213 1499 καὶ
1235 1464 1330 1510 πρό-

196 1542 335 1576 χειρον,
363 1525 380 1562 ὁ
406 1528 478 1565 πᾶς
502 1526 599 1560 ἔστιν
623 1523 734 1570 ἀγρὸς
757 1522 894 1570 πλήρης
917 1526 1169 1561 παντοδαπῶν
1192 1526 1331 1572 τυγχιὶ-

202 1604 276 1628 νων
302 1591 442 1636 φυτῶν·
482 1587 525 1622 τά
556 1587 595 1621 δὲ
620 1587 907 1630 ἔναποκείμενα,
941 1589 1003 1620 καὶ
1029 1587 1069 1621 οὐ
1095 1590 1210 1622 πᾶσιν
1234 1587 1330 1632 ὁρώ-

200 1667 313 1699 μενα,
355 1650 428 1687 ἀλλ’
464 1648 619 1694 ὡσπερεὶ
651 1646 724 1682 ὑπὸ
747 1647 790 1682 τά
814 1646 1022 1694 βλεπόμενα
1046 1647 1143 1694 φυτὰ
1167 1661 1332 1692 κατορω-

201 1824 254 1855 ed.
279 1830 384 1854 nostr.
410 1820 511 1853 Tom.
535 1818 664 1851 XVIII.
694 1830 767 1861 pag.
792 1816 845 1852 66.
870 1830 961 1862 seqq.
988 1817 1065 1850 coll.
1092 1817 1326 1860 Origenianor.

201 1879 258 1911 lib.
283 1878 326 1910 ll.
352 1885 478 1920 quaest.
503 1876 565 1909 XI.
589 1887 682 1909 num.
706 1873 737 1909 3.

294 1933 325 1977 ¹)
348 1932 482 1965 Primus
507 1932 592 1965 Cod.
616 1931 697 1972 Reg.
724 1928 864 1965 αὐτόθι.
888 1931 930 1962 R.

292 1990 326 2034 ²)
354 1989 424 2022 Csr.
456 1988 508 2020 ed.
532 1987 664 2030 Redep.
689 1999 762 2030 pag.
788 1986 840 2020 77.
866 1996 936 2020 not.
961 1986 1015 2020 22.
1049 1986 1128 2020 coll.
1153 1985 1328 2028 origenia-

201 2060 273 2078 nor.
298 2046 357 2077 lib.
382 2045 427 2078 II.
456 2052 581 2088 quaest.
606 2043 667 2076 XI.
692 2056 784 2075 num.
809 2042 840 2077 3.

289 2103 323 2145 ³)
348 2101 436 2133 Edd.
455 2099 567 2132 Tarin.
593 2108 626 2131 et
642 2099 764 2143 Spenc,
783 2093 952 2142 ἦλθεν.-
972 2099 1041 2132 Cst.
1056 2098 1176 2133 Matth.
1188 2098 1264 2140 XV,
1273 2097 1326 2132 24.

291 2156 325 2201 ⁴²)
352 2156 484 2189 Abhinc
514 2157 636 2189 iterum
669 2155 833 2188 nonnulla
865 2156 987 2188 frustra
1023 2155 1257 2188 desiderantur
1288 2153 1322 2185 in

197 2212 402 2252 Philucalia,
437 2212 531 2245 nulla
561 2212 699 2245 lacunae
725 2211 897 2244 mentione
922 2212 1018 2245 sacta.
1066 2211 1136 2244 Sed
1161 2211 1219 2245 cfr.
1242 2218 1323 2242 text.

197 2269 329 2309 latinus,
351 2267 553 2314 Hieronymi
577 2268 758 2312 praecipue
783 2268 892 2301 versio
916 2267 950 2301 in
975 2267 1065 2300 notis
1089 2266 1248 2312 apposita.

252 2344 258 2350 .
288 2323 320 2367 ⁵)
348 2322 415 2356 cfr.
441 2323 562 2357 Mam).
588 2324 682 2365 xm,
708 2324 761 2358 44.
