1404 2463
392 125 436 147 DE
463 115 659 148 Pamcwns
685 115 758 146 Lm.
787 115 843 147 lV.
1124 115 1189 149 417

57 205 204 238 lominus
230 213 262 237 et
287 205 328 244 is,
363 205 419 249 qui
435 205 466 249 ¹)
490 204 523 236 in
550 205 618 237 Job
644 204 752 236 dictus
777 213 826 236 est
850 204 996 235 belluam
1020 204 1187 246 ingentem

57 275 312 306 consumturus,
357 266 413 310 qui
448 275 480 298 et
512 265 651 308 dedit²)
685 273 886 308 potestatem
923 265 1186 310 familiaribus3)

56 327 227 372 discipulis
259 327 326 360 suis
352 329 479 360 calcare
505 339 605 370 super
629 335 818 369 serpentes,
853 335 884 357 et
908 326 1124 370 scorpiones,
1156 336 1187 358 et

30 402 155 433 vsupra
188 401 324 421 omnem
362 389 518 421 virtutem
550 386 678 419 inimici
709 387 839 431 nihi14)
873 389 914 419 ab
946 400 986 419 eo
1012 388 1185 422 nocendis.

56 451 124 483 Sed
151 459 184 482 et
207 450 234 482 si
259 449 331 493 quis
357 450 547 482 consideret
570 448 806 492 apostolorum
827 448 949 481 Christi
974 462 1035 492 per
1057 448 1186 491 singula

56 511 130 543 loca
156 511 340 549 discursus,
365 511 398 542 in
423 511 544 555 quibus
568 510 610 541 ab
637 522 678 541 eo
704 509 794 541 missi
820 510 1027 551 evangelium
1051 511 1185 555 praedi-

55 580 192 612 carum,
216 570 407 614 inveniet⁵)
434 572 526 615 quod
551 581 584 603 et
608 583 692 614 quae
718 570 785 602 ausi
812 580 888 602 sunt
913 571 1062 613 aggredi,
1087 586 1186 616 supra

52 632 225 665 hominem
255 641 352 674 sunt,
383 641 416 664 et
448 633 541 676 quod
566 631 700 675 explere
725 640 927 675 potuerunt,
962 645 999 664 ex
1024 633 1101 665 Deo
1127 642 1184 666 est.

53 695 90 728 Si
122 694 393 735 consideremus,
432 693 608 738 quomodo
646 692 798 725 homines
838 706 960 725 novam
997 694 1185 727 doctrinam

53 757 94 789 ab
118 756 158 788 iis
183 755 354 788 audientes
380 754 514 794 inferri,
540 754 709 798 suscipere
736 767 793 787 eos
818 764 1020 799 potuerunt,
1046 756 1099 787 vel
1123 768 1185 800 po-

52 818 117 850 tius
149 818 242 861 quod
274 829 373 860 saepe
405 816 445 848 iis
479 816 632 848 volentes
668 815 792 848 inferre
828 816 1031 859 perniciem,
1072 817 1182 850 divina

52 879 206 924 quadam,
219 877 252 921 ⁶)
278 891 362 922 quae
387 877 425 910 iis
450 878 581 919 aderat,
606 877 727 909 virtute
751 877 894 921 repressi
919 888 1012 918 sunt,
1036 878 1186 911 invenie-

51 953 125 973 mus
150 940 233 972 nihil
256 940 290 972 in
317 940 378 972 hac
404 952 500 971 causa
525 938 677 971 humanis
702 939 837 978 viribus,
862 940 920 972 sed
945 949 1058 972 totum
1075 940 1184 973 divina

51 1001 174 1034 virtute
211 1014 249 1034 ac
289 1000 501 1045 providentia
541 1009 779 1044 procuratum,
824 1000 1034 1033 evidentibus
1063 1002 1184 1045 procul

52 1063 155 1096 dubio
187 1063 286 1104 signis
319 1073 352 1095 et
377 1062 552 1095 virtutibus
577 1061 810 1094 testimonium
835 1063 1054 1095 reddentibus
1079 1064 1181 1096 verbo

54 1134 86 1157 et
111 1125 286 1157 doctrinae
312 1137 440 1157 eorum.

140 1185 172 1220 6.
209 1185 270 1218 His
294 1194 405 1218 autem
431 1185 578 1216 breviter
603 1185 848 1224 demonstratis,
864 1185 896 1228 ⁷)
922 1185 956 1217 id
982 1195 1029 1218 est
1054 1187 1094 1218 de
1114 1186 1183 1218 dei-

52 1256 120 1279 tate
144 1248 225 1279 Jesu
251 1247 391 1286 Christi,
423 1256 455 1278 et
480 1247 521 1278 de
541 1245 703 1279 ‘omnibus
728 1246 796 1286 his,
831 1259 915 1290 quae
940 1247 981 1278 de
1006 1247 1079 1291 ipso
1104 1261 1183 1292 pro-

50 1309 185 1352 phetata
217 1309 366 1348 luerunt,
400 1308 556 1352 expletis,
588 1308 689 1340 simul
723 1309 808 1341 illud
836 1308 935 1341 etiam
959 1308 1103 1340 arbitror
1126 1322 1182 1352 ap—

49 1371 241 1414 probatum,
267 1370 358 1414 quod
384 1379 417 1401 et
440 1369 634 1413 Scripturae
659 1370 761 1413 ipsae,
794 1382 879 1413 quae
904 1370 945 1401 de
971 1382 1011 1401 eo
1037 1369 1185 1414 prophe-

51 1439 220 1472 taverant,
251 1430 408 1463 divinitus
439 1430 620 1475 inspiratae
652 1431 734 1473 sint,
774 1444 859 1475 quae
891 1431 944 1463 vel
970 1432 1012 1463 de
1036 1431 1182 1463 adventu

53 1492 143 1537 ejus,
177 1492 229 1525 vel
253 1493 294 1524 de
319 1501 485 1537 potestate
511 1493 700 1533 doctrinae,
733 1493 786 1524 vel
812 1493 853 1525 de
878 1492 1031 1525 omnium
1044 1493 1079 1536 8)
1104 1505 1182 1534 gen-

52 1554 136 1586 tium
169 1553 373 1586 assumtione
404 1554 648 1598 praedixerant.
707 1553 839 1597 Quibus
878 1554 977 1586 etiarn
1008 1554 1093 1587 illud
1126 1555 1183 1587 ad-

147 1703 180 1746 ¹)
206 1704 308 1748 Apol.
333 1704 474 1747 Pamph.
502 1704 566 1736 loe.
595 1704 683 1735 laud.
712 1703 790 1747 „qui
816 1716 877 1747 per
899 1704 967 1735 Job
993 1704 1182 1747 praedictus

54 1751 123 1781 est“
150 1757 213 1782 etc.
239 1769 279 1774 -—
307 1749 375 1782 Csr.
400 1749 479 1781 Job.
506 1750 568 1788 lll,
592 1748 623 1783 8.
721 1750 754 1792 ²)
782 1748 850 1781 Ctr.
876 1749 954 1780 Luc.
979 1749 1022 1788 X,
1048 1749 1099 1783 19,

132 1810 177 1876 ἰ)
203 1811 304 1854 Apol.
336 1810 476 1855 Pamph.
514 1810 754 1851 „familiaribus
795 1809 861 1841 suis
906 1810 1077 1854 discipulis
1117 1812 1181 1843 cal-

54 1867 127 1887 care
175 1864 238 1888 etc.

142 1911 176 1953 ¹²)
201 1911 333 1944 Ruaeus
367 1911 468 1956 Apol.
494 1911 634 1955 Pamph.
661 1911 723 1943 loc.
749 1910 837 1943 laud.
869 1910 902 1942 in
936 1911 1044 1943 notis:
1081 1912 1180 1952 „Mss.

52 1958 120 2034 (¹1:32
138 1956 244 2033 rlrgziclg:
267 1958 357 1991 m'hil
372 1959 414 1990 ab
433 1970 469 1990 eo
489 1958 664 1991 nocendi-‘⁶
684 1976 724 1981 -—
743 1956 912 1988 Hactenus
926 1957 1028 2000 Apol.
1042 1956 1178 2001 Pamph.

147 2058 178 2101 ⁵)
205 2056 261 2090 Sic
285 2057 369 2091 Mss.
394 2058 434 2090 R.
459 2079 502 2084 ·-—
539 2058 625 2090 Edd.
653 2057 698 2089 Μ.
734 2056 902 2097 „inveniet
933 2070 1016 2101 quae
1049 2067 1081 2089 et
1113 2071 1179 2102 quo

54 2102 124 2135 ausi
147 2112 224 2135 sunt
249 2103 393 2144 aggredi,
418 2115 501 2147 quae
527 2105 646 2147 supra“
673 2111 736 2134 etc.

145 2159 180 2202 ⁵)
205 2157 261 2191 Sic
286 2157 368 2191 Mss.
394 2159 487 2191 Editi
512 2161 558 2202 (v.
584 2173 611 2191 c.
638 2159 712 2190 edd.
740 2158 807 2200 Μ)
834 2157 1023 2202 „quidem.“

148 2214 182 2258 ⁷)
207 2214 272 2247 Ed.
297 2214 345 2247 M.
374 2214 682 2255 1.*„demonstratis
706 2213 796 2245 idem
822 2214 864 2245 de
890 2214 1032 2246 deitate“
1060 2222 1122 2246 etc.

147 2271 182 2315 ⁸)
207 2272 256 2303 lta
280 2271 360 2304 Mss.
385 2270 478 2302 Editi
503 2273 550 2314 (v.
577 2284 605 2304 c.
633 2271 709 2303 cdd.
736 2270 802 2314 M.)
829 2269 975 2311 „0mni.“
1003 2271 1042 2303 R.

100 2343 276 2377 Omcssms
303 2343 440 2377 OPERA.
467 2344 563 2377 Tom.
588 2344 683 2377 XXI.
829 2343 832 2345 ’
941 2343 983 2377 27
