1404 2463
192 95 257 131 338
666 96 842 129 Omessms

280 187 531 231 Requirendum
564 199 642 228 ergo
668 196 734 227 est,
776 200 860 231 quae
893 188 934 220 sit
966 187 1106 219 omnino
1141 188 1221 220 haec
1251 188 1321 232 ipsa

194 248 349 280 voluntas
380 249 468 281 inter
492 261 627 281 carnem
649 257 684 281 et
706 248 880 293 spiritum,
915 257 1049 293 praeter
1072 261 1143 282 eam
1169 249 1323 281 voiunta—

192 319 278 348 tem,
317 323 401 356 quae
441 310 548 342 carnis
578 323 648 342 esse
680 310 732 342 vel
764 310 900 354 spiritus
938 309 1073 346 dicitur.
1120 311 1190 342 on
1226 319 1321 343 certo

191 385 334 416 namque
369 372 529 411 habetur,
567 373 661 417 quod
692 372 804 404 omnia
835 385 1055 417 quaecunque
1087 372 1223 416 spiritus
1254 384 1323 404 esse

193 434 370 473 dicuntur,
396 434 549 466 voluntas
573 434 616 466 sit
639 434 794 478 spiritus3
819 443 852 466 et
879 446 1099 478 quaecunque
1125 445 1229 478 opera
1253 446 1323 465 car-

190 496 242 529 nis
268 509 338 529 esse
363 496 532 536 dicuntur,
558 495 712 528 voluntas
735 495 777 528 sit
802 495 917 529 carnis.
966 495 1064 538 Quae
1087 508 1166 537 ergo
1190 494 1253 528 ista
1276 503 1325 527 εει

191 567 326 603 praeter
356 558 437 590 haec
470 558 624 590 voluntas
649 559 793 596 animae,
833 570 916 603 quae
943 556 1143 589 extrinsecus
1160 557 1191 600 ¹)
1215 557 1325 589 nomi-

193 629 306 658 natur,
339 632 438 664 quam
465 619 673 651 voluntatem
704 620 870 662 nolens2)
895 632 956 651 nos
980 619 1091 651 facere
1117 617 1217 662 (147)
1240 630 1324 662 apo-

193 681 300 713 stolus
328 680 430 713 dicit:
462 680 575 724 „Ut³)
599 694 668 713 non
695 693 915 725 quaecunque
939 680 1039 713 vultis
1063 679 1122 712 illa
1148 678 1322 712 faciatis?«

194 743 231 774 ln
256 755 323 786 quo
349 743 415 775 hoc
440 743 574 775 videtur
588 742 621 786 1)
646 742 821 784 designari,
846 743 937 787 quod
961 751 1083 774 neutro
1110 755 1148 773 ex
1173 740 1222 773 his
1240 741 1324 773 duo-

191 804 264 844 bus,
288 803 325 836 id
348 813 400 836 est
421 817 530 848 neque
555 803 656 844 carni,
679 816 789 848 neque
815 804 957 848 spiritui,
989 804 1110 836 debeat
1132 803 1323 835 adhaerere.

192 866 260 898 Sed
273 866 307 910 5)
340 865 436 898 dicet·
462 865 553 910 quis,
593 865 718 910 quia5)
750 865 837 898 sicut
867 864 987 897 melius
1019 864 1156 909 quidem
1182 873 1232 897 est
1255 864 1324 897 aui-

191 940 276 966 mae,
292 928 324 970 ⁷)
349 927 378 960 si
400 927 575 971 propriam
600 926 700 959 saciat
724 926 952 966 voluntatem,
987 939 1085 970 quam
1111 935 1147 958 ut
1172 926 1326 959 volunta-

193 999 261 1021 tem
292 988 392 1021 faciat
424 989 549 1021 carnis:
584 989 633 1021 sic
657 988 779 1021 iterum
799 988 924 1020 melius
949 987 1047 1032 est⁸)
1073 988 1183 1020 faeere
1207 988 1326 1020 volun-

193 1059 294 1083 tatem
327 1050 465 1095 spiritus
495 1050 598 1091 magis
627 1063 727 1094 quam
759 1049 933 1094 propriam
964 1049 1183 1083 voluntatem.
1230 1049 1326 1093 Quo-

192 1113 296 1145 modo
323 1125 401 1154 ergo
427 1112 601 1157 apostolus
625 1112 690 1145 ait:
723 1112 792 1153 „Ut
804 1112 836 1155 ⁹)
862 1124 930 1143 non
961 1124 1045 1156 quae
1070 1111 1171 1144 vultis
1193 1111 1252 1149 illa
1276 1112 1324 1144 sa-

193 1173 338 1207 ciatis?«
380 1173 552 1217 Quoniam
569 1175 620 1219 ¹⁰)
646 1173 681 1205 in
705 1186 743 1206 ea
767 1186 894 1218 pugna,
917 1186 1001 1218 quae
1025 1173 1113 1207 inter
1136 1186 1268 1206 carnem
1293 1183 1326 1207 et

192 1235 347 1280 spiritum
372 1235 517 1277 geritur,
550 1249 618 1268 non
655 1234 795 1267 omnino
820 1234 956 1279 spiritus
981 1244 1071 1267 certa
1095 1235 1234 1268 victoria
1256 1245 1326 1277 θεῖς

193 1297 407 1330 manifestum
432 1306 483 1329 est
506 1296 596 1329 enim
614 1296 769 1329 obtinere
784 1297 792 1316 ¹
807 1296 838 1341 ¹)
856 1296 891 1328 in
907 1295 1164 1341 quamplurimis
1181 1310 1324 1331 carnem.

281 1360 410 1391 Verum
444 1357 603 1403 quoniam
636 1358 670 1390 in
695 1357 959 1403 disputationem
983 1358 1160 1391 incidimus
1184 1360 1326 1404 profuu-
1358 1382 1364 1385 -

194 1420 288 1460 dam,
320 1419 353 1451 in
370 1419 423 1463 ¹²)
451 1432 516 1463 qua
545 1432 680 1452 necesse
710 1430 759 1452 est
788 1433 827 1452 ex
850 1419 989 1461 singulis
1012 1419 1202 1465 quibusque
1225 1421 1326 1466 pani-

289 1549 320 1590 ¹)
348 1547 417 1581 Cfr.
444 1549 497 1582 ed.
523 1549 654 1592 Redep.
680 1561 751 1592 pag.
777 1547 854 1582 302.
881 1557 951 1580 not.
976 1547 1008 1581 8.

286 1605 319 1647 ²)
345 1603 433 1637 Edd.
460 1604 508 1637 M.
535 1604 708 1645 „volens.“
827 1603 861 1647 3)
887 1603 965 1637 Gal.
990 1604 1030 1643 V,
1057 1604 1110 1638 17.

285 1660 318 1702 ⁴)
347 1659 418 1693 Cfr.
445 1660 497 1692 ed.
524 1660 652 1704 Redep.
678 1672 750 1704 pag.
775 1659 851 1694 302.
877 1668 948 1693 not.
975 1659 1026 1693 10.

287 1716 319 1759 ⁵)
345 1715 417 1748 Cfr.
445 1716 495 1748 ed.
522 1715 654 1759 Redep.
677 1727 752 1759 pag.
779 1714 855 1750 302.
881 1724 951 1748 not.
979 1715 1031 1749 12.

285 1772 319 1815 ⁶)
345 1771 408 1804 Ed.
434 1772 485 1804 M.
511 1771 552 1803 ll.
581 1771 728 1815 „quod.“

286 1827 318 1870 ⁷)
343 1827 449 1860 Deest
474 1827 507 1860 in
533 1837 629 1860 antea
655 1826 755 1860 edilis
780 1828 826 1872 (v.
854 1840 881 1864 e,
909 1828 985 1860 edd.
1005 1827 1080 1871 M),
1104 1828 1162 1860 sed
1186 1827 1327 1866 habetur

192 1873 224 1905 in
248 1872 328 1906 Mss.
356 1872 537 1913 „animae.«
566 1874 605 1907 R.

283 1927 317 1971 8)
344 1927 407 1962 Ed.
434 1927 482 1961 Μ.
510 1929 533 1964 ¹.
568 1932 696 1969 „eam.“
731 1949 772 1954 —-
808 1928 876 1961 Cfr.
910 1930 962 1963 ed.
989 1929 1116 1974 Redep.
1150 1941 1223 1974 pag.
1247 1928 1325 1964 302.

191 1981 260 2005 not.
288 1973 340 2006 16.
481 1974 514 2018 ⁹)
540 1973 615 2006 Gal.
642 1975 681 2014 V,
709 1975 761 2009 17.

265 2028 316 2069 ¹⁰)
343 2027 400 2060 Sic
429 2029 510 2062 Mss.
537 2029 628 2062 Alias
660 2031 708 2074 (ν.
735 2042 762 2062 c.
787 2029 821 2062 in
849 2031 927 2064 edd.
953 2030 1019 2074 M.)
1053 2028 1264 2073 „Quomodo
1289 2043 1325 2062 ea

191 2077 321 2117 pugna“
349 2081 410 2105 etc.
437 2074 477 2106 R.

265 2129 317 2171 ¹¹)
345 2129 402 2161 Sic
428 2129 508 2163 Mss.
537 2130 628 2163 Alias
653 2132 700 2172 (v.
728 2144 754 2164 c.
781 2130 815 2163 in
843 2131 917 2162 edd.
943 2130 1007 2174 Μ.)
1038 2130 1229 2163 »obedire.«
1256 2131 1296 2162 R.

261 2183 314 2225 Ι’3)
341 2184 389 2215 lta
414 2184 494 2218 Mss.
520 2186 617 2220 Alias
652 2189 699 2229 (v,
732 2200 757 2219 c.
783 2185 818 2218 in
845 2186 923 2218 edd.
950 2186 1016 2227 Μ.)
1050 2186 1106 2227 „in
1143 2198 1241 2230 quam
1267 2198 1325 2218 ne-

187 2241 276 2262 cesse
307 2237 355 2260 est
389 2229 548 2271 colligere
580 2244 619 2263 ex
652 2231 791 2273 singulis
824 2231 1012 2276 quibusque
1037 2231 1207 2276 partibus,
1239 2244 1323 2275 quae

187 2283 326 2319 possum
352 2287 462 2307 mures
488 2275 666 2314 discutere,
694 2277 887 2309 videamus“
914 2285 976 2308 etc.
1005 2276 1041 2309 R.
