1404 2463
381 116 423 137 DE
448 105 636 137 PmNcn‘us
661 104 771 135 Linea
798 103 819 134 Ι.
1091 101 1152 136 103

47 196 114 228 Job
140 194 183 226 ita
207 194 304 226 dicit:
333 194 508 225 »Adduees
524 194 555 236 ¹)
579 201 688 224 autem
702 193 878 224 draconem
897 192 928 223 in
954 192 1049 224 hamo
1075 204 1155 235 apo-

48 265 194 295 statam,«
221 256 254 287 id
280 264 326 287 est
343 256 500 296 refugam.
544 254 680 286 Certum
697 262 746 285 est
764 262 886 292 autem,
910 253 1030 297 quia2)
1056 254 1155 286 draco

48 318 117 361 ipse
143 317 296 349 diabolus
327 315 532 357 intelligitur.
586 314 622 347 Si
654 326 729 354 ergo
763 313 946 345 contrariae
977 313 1158 358 virtutes³)

48 378 280 418 nominantur,
313 386 344 409 et
374 377 603 408 immaculatae
643 374 742 407 fuisse
779 375 955 418 aliquando
987 374 1159 416 dicuntur;

48 440 296 472 immaculatum
333 447 442 470 autem
483 450 550 469 esse
580 445 712 481 praeter
742 436 874 468 Patrem
910 445 942 468 et
971 435 1095 468 Filium
1128 445 1159 467 et

48 500 209 544 Spiritum
234 508 379 532 sanctum
404 498 488 530 nulli
513 497 769 530 substantialiter
794 497 895 536 inest,
927 498 985 529 sed
1008 496 1160 529 sanctitas

48 562 80 594 iu
105 561 195 593 omni
222 569 367 592 creatura
400 560 552 592 accidens
583 572 634 591 res
666 568 732 600 est;
765 559 855 603 quod
884 567 994 590 autem
1029 558 1163 597 accidit,

48 632 79 655 et
107 622 260 654 decidere
284 630 418 665 potest;
448 631 480 653 et
504 621 582 653 istae
606 620 741 652 virtutes
765 619 947 652 contrariae
972 619 1161 652 immacula-

49 695 98 716 tae
122 683 301 728 aliquando
327 683 470 721 fuerunt,
495 691 527 713 et
551 681 637 714 inter
660 681 732 714 illas
757 681 870 726 utique
895 682 1047 721 suerunt,
1079 694 1159 725 quae

49 746 154 777 adhue
177 744 406 776 immaculatae
430 753 642 788 permanent:
673 756 734 787 per
757 743 820 775 hoc
846 742 1031 775 ostenditur
1052 755 1160 786 neque

47 806 322 846 substantialiter,
354 806 406 837 vel
436 805 630 837 naturaliter
659 818 727 837 esse
757 805 948 849 aliquem4)
971 803 1162 836 immacula-

48 879 140 908 tum,
179 881 286 912 neque
316 866 574 900 substantialiter
604 867 720 910 esse⁵)
750 866 930 909 pollutum.
983 865 1070 909 Etfi)
1101 878 1161 909 per

49 932 112 963 hoc
137 942 341 973 consequens
366 938 413 961 est
438 928 471 960 in
495 927 591 960 nobis
616 940 702 967 esse,
732 937 830 971 atque
861 927 894 959 in
918 927 1038 959 nostris
1060 926 1160 959 moti-

49 994 120 1033 bus,
145 1001 181 1024 ut
207 991 257 1023 vel
280 990 388 1029 beati,
411 989 509 1034 vel⁷)
539 989 641 1021 sancti
664 989 783 1029 simus,
822 988 873 1020 vel
910 1001 971 1032 per
1003 987 1160 1020 desidiam

50 1064 82 1086 et
105 1052 336 1095 negligentiam
361 1065 379 1084 a
401 1050 605 1083 beatitudine
636 1050 669 1082 in
701 1049 861 1082 malitiam
886 1059 918 1081 et
940 1049 1162 1094 perditionem

53 1128 220 1156 vergamus
246 1113 278 1144 in
305 1122 450 1151 tautum,
481 1112 561 1155 ut⁸)
587 1111 705 1143 nimius
729 1112 916 1155 profectus,
947 1120 982 1143 ut
1006 1110 1049 1143 ita
1074 1110 1160 1142 dixe-

52 1177 125 1216 rim,
150 1174 312 1213 malitiae,
343 1172 414 1217 5¹1⁹)
446 1173 518 1218 quis
549 1173 579 1204 in
611 1182 737 1205 tantum
760 1174 810 1205 sui
840 1173 1035 1214 neglexerit,
1058 1185 1160 1216 usque

53 1239 92 1270 ad
109 1238 159 1280 ¹⁰)
185 1250 260 1268 eum
284 1244 403 1267 statum
429 1235 592 1275 deveniat,
615 1244 650 1267 ut
674 1248 721 1274 ea,
746 1247 829 1278 quae
855 1233 977 1266 dicitur
1000 1233 1161 1265 contraria

55 1299 166 1336 virtus,
191 1296 362 1329 efficiatur.

148 1432 178 1469 ¹)
203 1430 260 1463 Sic
294 1428 372 1462 Mss.
406 1428 492 1460 Alias
524 1430 570 1473 (v.
595 1442 621 1460 c.
646 1428 679 1460 in
704 1429 778 1461 edd.
804 1428 867 1472 M.)
910 1429 1088 1461 »Educes.«
1122 1430 1159 1461 R.

55 1497 95 1502 —-
121 1476 190 1508 Cfr.
213 1475 291 1507 Job.
314 1474 385 1513 XL,
408 1474 461 1507 20.
554 1474 587 1514 ²)
612 1474 674 1506 Ed.
700 1473 747 1506 M.
774 1474 811 1506 ΙΙ.
841 1475 983 1518 »quod«

146 1534 179 1574 ³)
204 1531 261 1564 Sic
291 1530 370 1563 Mss.
400 1529 490 1561 Libri
522 1529 601 1561 editi
630 1530 676 1574 (v.
703 1543 728 1561 c.
755 1530 830 1562 edd.
855 1528 920 1574 M.)
953 1529 1088 1561 virtutes
1113 1543 1160 1561 νει

57 1580 150 1620 fugae
174 1576 415 1608 nominantur.¹‹
444 1575 482 1607 R.

147 1633 180 1676 ι)
205 1631 261 1664 Sic
285 1630 362 1663 Mss.
387 1629 477 1662 Libri
503 1629 581 1661 editi
607 1632 653 1673 (v.
679 1644 705 1662 c.
730 1630 803 1662 cdd.
831 1629 894 1673 Μ.)
922 1628 1095 1673 »aliquid«
1123 1630 1160 1661 R.

148 1690 181 1731 ⁵)
204 1689 308 1720 Deest
334 1699 442 1718 »esse«
468 1685 500 1717 in
526 1685 600 1718 edd.
626 1685 672 1718 M.

148 1745 182 1787 6)
205 1744 303 1776 Hunc
333 1743 445 1774 locum
475 1741 520 1773 sic
551 1740 651 1772 vertit
684 1740 904 1785 Hieronymus
928 1740 1020 1783 epist.
1044 1740 1096 1774 94.
1123 1742 1163 1773 ad

61 1790 194 1823 Avitum
226 1790 314 1832 (pag.
338 1787 428 1828 761.)
470 1786 621 1829 νῼυὼυε
650 1786 731 1816 moti
770 1784 1048 1829 disputationibus
1079 1786 1165 1818 arbi-

61 1846 184 1868 tramur
207 1847 263 1865 sua
286 1841 403 1876 sponte
427 1831 510 1863 alios
533 1844 601 1862 esse
623 1830 657 1862 in
680 1835 817 1862 numero
835 1838 1022 1862 sanctorum
1049 1840 1081 1862 et
1103 1831 1164 1863 mi—

61 1879 194 1912 nisterio
220 1877 301 1917 Dei;
330 1877 411 1909 alios
442 1877 486 1908 ob
517 1877 647 1919 culpam
683 1875 851 1919 propriam
881 1875 922 1906 de
952 1876 1164 1908 sanctimonia

62 1933 260 1962 corruentes,
282 1923 315 1954 in
339 1931 461 1953 tantam
485 1920 703 1962 neglgentiam
735 1921 913 1959 corruisse,
945 1929 980 1952 ut
1012 1921 1106 1953 etiam
1130 1921 1165 1953 in

63 1969 240 2002 contrarias
274 1966 483 1998 fortitudines
517 1975 752 1998 verterentunv.
807 1965 903 1997 Unde
934 1965 1035 2008 liquet
1068 1979 1164 2010 quam

64 2014 181 2047 dubiae
206 2013 246 2044 sit
270 2011 346 2044 fidei
371 2011 531 2054 interpres
561 2011 710 2042 Rufinus.
736 2012 772 2042 R.
798 2031 838 2035 —
871 2010 936 2043 Cfr.
962 2012 1014 2044 ed.
1039 2012 1164 2055 Redep.

64 2072 136 2105 pag.
163 2059 237 2093 142,
261 2066 332 2090 not.
353 2055 385 2089 8.
477 2055 509 2098 ⁷)
533 2056 619 2087 Edd.
644 2056 690 2088 M.
718 2065 797 2087 »et.«

155 2114 188 2158 ⁸)
214 2114 299 2145 Edd.
324 2111 372 2144 M.
399 2120 454 2142 »ut
477 2124 559 2142 unus
584 2112 759 2154 perfectae,
783 2120 817 2143 ut
841 2111 903 2143 ita«
932 2121 991 2144 etc.

156 2173 190 2211 ⁹)
218 2169 278 2200 Ed.
305 2168 351 2201 M.
380 2169 601 2211 [scm-rupte:
629 2168 672 2198 »si
699 2167 739 2197 de
765 2167 916 2210 quintum
940 2181 1034 2200 suum
1058 2169 1165 2210 negle-

66 2215 178 2255 xerit,«
205 2215 257 2247 ed.
282 2212 330 2246 Μ.
358 2213 397 2246 ΙΙ.
424 2211 469 2244 »si
492 2221 663 2256 peccatum
687 2225 781 2244 suuni
805 2212 1012 2253 neglexerit.«

139 2271 193 2315 ¹⁰)
217 2270 279 2304 Ed.
304 2268 352 2304 Μ.
378 2269 400 2302 I.
429 2268 483 2301 »in
507 2281 612 2301 eum.«
