1404 2463
425 101 470 124 DE
495 91 690 124 ancmns
714 89 826 122 Lmen
851 88 893 120 Π.
1163 85 1230 122 235

107 182 253 227 traria¹)
283 182 392 215 febres
423 188 596 223 generant,
632 187 665 211 et
695 178 803 210 febres
833 175 957 210 diversi
970 176 1003 220 ²)
1028 175 1140 216 modi,
1177 177 1230 209 vel

109 243 282 289 temporis,
306 243 488 276 secundum
512 254 584 274 eam
608 253 807 280 mensuram,
836 252 900 284 qua
924 238 1137 281 intemperies
1162 239 1234 270 col-

108 307 238 351 lecta-³)
263 305 434 338 materiam
458 302 671 346 suggesserit,
708 315 745 334 ae
769 300 923 333 fomitem
947 298 1111 340 febrium3
1148 313 1232 344 quae

107 368 265 401 materiae
290 366 428 412 qualitas
454 379 490 398 ex
516 365 645 398 diversa
667 363 867 406 intemperie
893 370 1108 406 congregata,
1138 374 1233 393 causa

108 431 162 463 vel
187 428 366 463 acerbioris
390 426 517 466 morbi,
552 426 605 458 vel
629 424 823 470 prolixioris
849 423 988 455 exsistit:
1011 422 1055 454 ita
1069 422 1101 466 4)
1126 423 1233 455 anima

111 505 187 525 cum
217 489 465 523 multitudinem
491 487 659 519 malorum
685 498 846 530 operum,
882 493 915 516 et
938 483 1175 517 abundantiam
1200 484 1234 516 in

108 567 143 587 se
169 549 418 594 congregaverit
441 558 675 594 peccatorum,
709 545 914 591 competenti
945 555 1099 590 tempore
1126 545 1233 578 omnis

109 615 166 648 illa
189 614 355 646 malorum
381 610 590 653 congregatio
617 608 853 651 effervescit5)
877 608 917 640 ad
942 607 1163 652 supplicium,
1187 617 1234 640 at-

111 688 175 721 que
198 674 424 707 inflammatur
447 673 488 706 ad
512 684 655 716 poenas;
681 684 758 703 cum
775 682 867 702 mens
885 668 966 714 ipsa,
991 670 1045 701 vel
1063 669 1234 702 conscien-

108 736 155 770 tia
186 749 246 780 per
281 734 428 767 divinam
462 733 620 766 virtutem
646 732 758 765 omnia
781 732 815 764 in
840 731 1038 764 memoriam
1061 731 1237 776 recipiens,

110 810 253 843 quorum
277 797 311 829 in
334 805 440 829 semet
464 796 534 840 ipsa
559 795 649 837 signa
675 794 838 839 quaedam
857 802 889 826 et
905 793 1042 834 formas,
1067 806 1142 826 cum
1158 805 1238 838 pee-

111 868 211 898 caret,
243 867 457 903 expresserat,
491 867 524 889 ct
547 857 766 898 singulorum,
798 868 882 900 quae
906 855 958 887 vel
983 856 1084 888 foede
1108 868 1146 887 ae
1170 864 1239 887 tur-

109 920 197 966 piter
231 929 390 961 gesserat,
428 920 479 951 vel
519 918 620 951 etiam
658 917 762 962 impie
800 916 1033 955 commiserat,
1067 915 1240 948 historiam

111 982 276 1026 quandam
299 980 462 1013 scelerum
486 993 623 1013 suorum
649 989 724 1012 ante
749 979 866 1011 oculos
890 991 967 1012 suos
992 976 1120 1010 videbit
1136 989 1238 1022 expo-

111 1044 225 1085 sitam3
254 1052 334 1075 tunc
365 1051 397 1074 et
427 1041 499 1086 ipsa
526 1041 728 1074 conscientia
751 1040 896 1086 propriis
919 1038 1063 1072 stimulis
1088 1037 1240 1080 agitatur,

112 1114 211 1150 atque
246 1103 498 1148 compungitur,
535 1113 567 1136 et
591 1103 641 1136 sui
665 1103 736 1148 ipsa
761 1102 906 1135 efficitur
930 1099 1111 1134 accusatrix
1138 1108 1170 1131 et
1194 1108 1242 1132 te-

115 1166 183 1199 stis.
233 1166 336 1209 Quod
370 1165 413 1198 ita
446 1165 585 1198 sensisse
615 1174 700 1209 puto
733 1165 832 1197 etiam
863 1163 1006 1196 Paulum
1039 1161 1243 1206 apostolum,

117 1242 192 1261 cum
227 1228 324 1260 dicit:
364 1227 522 1271 „lnter⁶)
547 1240 581 1259 se
610 1213 753 1258 invicem
781 1224 1039 1267 cogitationibus
1063 1221 1244 1255 accusanti-

113 1291 194 1333 bus,
230 1299 285 1321 aut
310 1288 409 1321 etiam
436 1288 692 1320 defendentibus
717 1288 750 1320 in
775 1288 846 1327 die,
879 1300 942 1331 qua
966 1284 1128 1332 judicabit
1150 1284 1242 1317 Deus

208 1413 241 1456 ¹)
266 1411 404 1444 Deest
396 1424 429 1443 in
454 1411 623 1455 prioribus
655 1411 733 1444 edd.
759 1412 805 1455 (v.
832 1423 858 1442 c.
885 1410 960 1443 edd.
986 1410 1069 1454 Μ.),
1105 1412 1163 1444 sed
1187 1411 1244 1444 ha·

115 1457 247 1491 betur
239 1471 273 1489 m
298 1458 379 1490 Mss.
407 1456 606 1498 „contu-aria.
611 1459 628 1476 4‘
653 1457 694 1488 R.

208 1512 761 1558 2)Ε(1.Μ.Ῑ.)1(]1ν(ὶ1’511110(]ε((

212 1570 246 1615 ³)
273 1569 329 1603 Sic
355 1570 436 1602 Mss.
460 1568 550 1600 Alias
576 1570 624 1612 (v.
652 1581 677 1600 e.
702 1568 735 1600 in
763 1568 838 1600 edd.
865 1568 929 1610 M.)
957 1568 1188 1608 „collectam.“
1205 1570 1246 1602 R.

213 1625 246 1666 4)
271 1626 369 1658 Hune
401 1624 515 1656 locum
547 1623 737 1656 summatim
768 1624 870 1655 refert
895 1623 1119 1669 Hieronymus
1150 1624 1244 1668 epist.

120 1672 173 1706 94.
203 1672 244 1703 ad
276 1671 410 1703 Avitum
448 1669 498 1701 his
536 1669 663 1701 verbis:
704 1670 818 1710 „lgncs
851 1681 985 1712 quoque
1015 1669 1182 1710 gehennae
1214 1680 1247 1702 et

121 1725 298 1755 tormenta,
323 1727 407 1759 quae
433 1714 605 1758 Scriptura
629 1723 738 1746 sancta
762 1713 995 1757 peccatoribus
1014 1714 1246 1756 comminatur,

123 1774 193 1793 non
230 1760 328 1804 ponit
358 1761 552 1803 (Origenes)
589 1759 622 1791 in
657 1759 850 1802 suppliciis,
886 1759 943 1790 sed
980 1758 1013 1791 in
1046 1760 1248 1792 conscientia

122 1815 357 1850 peccatorum,
395 1805 528 1848 quando
554 1805 621 1837 Dei
651 1804 774 1836 viitute
803 1813 835 1836 et
871 1804 1021 1847 potentia
1047 1805 1154 1837 omnis
1178 1819 1249 1838 me—

123 1851 230 1883 moria
261 1850 462 1882 delictorum
494 1858 568 1881 ante
601 1850 718 1881 oculos
749 1858 880 1880 nostros
906 1848 1078 1901 ponitur&
1093 1859 1125 1882 et
1146 1851 1250 1883 veluti

127 1909 164 1928 ex
192 1894 388 1940 quibusdam
414 1894 595 1927 seminibus
620 1895 654 1926 in
679 1893 786 1925 anima
811 1894 997 1934 derelictis,
1022 1894 1174 1927 universa
1201 1896 1249 1928 vi—

124 1941 250 1973 tiorum
274 1952 364 1981 seges
385 1939 549 1977 exoritur,
587 1949 618 1971 et
650 1938 814 1990 quidquid
838 1939 1056 1972 feceramus
1048 1953 1082 1972 m
1107 1940 1173 1973 vita
1196 1942 1250 1973 vel

128 1996 238 2030 turpe,
264 1985 318 2017 vel
343 1984 496 2028 impium,
523 1985 630 2016 omnis
655 1997 771 2016 eorum
796 1997 830 2016 m
856 1994 1037 2028 conspectu
1061 1995 1176 2017 nostro
1201 1986 1253 2030 pi-

128 2040 219 2063 ctura
251 2029 466 2068 describitur,
498 2043 534 2062 ac
561 2029 754 2074 praeteritas
780 2029 970 2081 voluptates
995 2043 1087 2062 mens
1120 2029 1250 2064 intuens

128 2075 350 2109 conscientiae
374 2079 514 2119 punitur
536 2075 673 2114 ardore,
698 2083 730 2106 et
754 2074 981 2118 poenitudinis
1006 2075 1148 2109 stimulis
1174 2089 1253 2109 con—

128 2121 289 2154 fod1tur“
317 2121 356 2153 R.

227 2177 260 2220 ⁵)
286 2175 341 2209 Sic
365 2175 447 2207 Mss.
476 2174 567 2207 Alias
594 2175 640 2219 (v,
667 2189 692 2208 c.
719 2176 751 2208 in
777 2176 850 2208 cdd.
868 2177 937 2220 M.)
964 2177 1184 2219 „effervescit‚
1209 2187 1255 2210 at-

132 2235 196 2266 que
227 2218 429 2266 supplicium
461 2219 705 2254 inflammatur“
733 2230 794 2254 etc.
819 2222 861 2255 R.

226 2275 528 2320 ⁶)Rom.11,15.
556 2277 606 2311 16.
