1404 2463
413 110 459 133 nn
484 100 677 134 Pamcnms
700 100 812 132 Lmen
836 99 860 132 1.
1156 101 1197 136 51

70 188 186 234 utique
210 182 367 222 natus'ex
392 201 433 222 eo
458 198 506 222 est
530 188 622 220 velut
637 189 668 233 ¹)
700 190 862 234 quaedam
888 189 1042 223 voluntas
1067 190 1136 235 ejus
1161 203 1200 223 ex

70 235 182 283 mente
203 250 398 295 procedens.
445 250 533 294 Est)
557 249 636 282 ideo
661 261 722 291 ego
744 249 901 290 arbitror,
927 251 1019 295 quod
1043 252 1198 284 sufficere

71 312 191 344 debeat
223 313 375 345 voluntas
404 311 511 344 Patris
539 312 581 344 ad
611 310 858 344 subsistendum
891 311 975 352 hoc,
1009 313 1099 356 quod
1126 300 1199 346 vuit

69 373 178 406 Pater.
226 374 351 406 Volens
375 372 463 406 enim
487 385 556 406 non
580 372 645 405 alia
670 371 721 405 via
743 373 866 413 utitur,
892 371 955 405 nisi
980 385 1065 417 quae
1090 373 1200 406 consi-

71 435 118 467 lio
144 435 323 468 voluntatis
346 434 525 479 profertur.
575 434 626 466 Ita
649 446 730 476 ergo
755 443 788 467 et
811 433 892 467 Filii
909 433 1121 467 subsistentia
1144 446 1199 477 ge-

70 507 204 530 neratur
233 498 273 530 ab
304 508 355 528 eo.
411 494 516 538 Quod
547 508 682 529 necesse
713 504 762 528 est
793 495 826 528 in
855 495 973 540 primis
1003 495 1127 540 suscipi
1158 497 1200 528 ab

71 558 131 599 his,
156 558 261 604 qui-³)
284 555 367 590 nibil
391 555 588 598 ingenitum,
611 556 647 590 id
672 565 720 589 est
743 555 906 599 innatum,
929 566 1066 602 praeter
1088 556 1199 589 solum

86 737 95 749 ἱ
167 691 197 735 ¹)
222 690 279 724 Sic
303 689 458 746 Cleme’ns
484 689 698 744 Alexandria.
737 689 925 732 Paedagog.
950 689 1008 742 ΙΙΙ..
1042 702 1113 734 cap.
1137 690 1199 724 ult.

71 735 1101 825 34⁷5}³335AE‘'Zixssi‘gssffsstffss‘*‘ri-zrf'Jfi‘ssssf'ZfflX:
1125 748 1199 825 {353

70 828 130 860 lv.
157 828 253 871 „lpse
278 835 348 859 erat
372 826 526 859 voluntas
550 835 583 859 et
605 835 753 870 potestas
782 825 921 858 Patris.“
969 826 1071 870 Apud
1097 826 1199 858 Atha-

68 885 137 906 nas.
161 872 255 906 Orat.
274 872 334 904 Ill.
360 880 395 903 et
411 872 467 904 lv,
491 880 607 904 contra
634 870 790 903 Arianos:
812 871 925 915 βουλὴ
949 875 1010 905 καὶ
1033 869 1201 916 βούλημα

68 920 132 953 τοῦ
157 915 302 961 πατρός.
326 917 367 950 R.

162 971 197 1017 ²)
220 973 360 1006 Exstant
382 972 500 1004 verba:
527 971 591 1012 „Et
615 971 694 1004 ideo
720 984 781 1013 ego
807 971 962 1010 arbitror,
987 989 1041 1012 —‚
1067 971 1126 1004 sed
1149 971 1201 1004 ni-

69 1018 117 1051 hil
141 1019 244 1051 habet
276 1030 456 1050 commune
489 1016 529 1048 ad
561 1017 642 1049 solis
672 1016 769 1061 hujus
793 1017 953 1056 lumen‚“
986 1016 1019 1048 in
1051 1016 1199 1061 Apolog.

68 1062 246 1108 Pamphili.
294 1062 365 1096 Cfr.
391 1062 480 1106 Opp
514 1061 607 1103 Orig.
645 1059 696 1094 ed.
731 1062 769 1094 R.
802 1061 903 1096 Tom.
928 1062 984 1093 lV.
1014 1061 1201 1106 Appendic.

70 1121 143 1153 pag.
167 1107 221 1143 34.
246 1108 326 1140 eon.
350 1108 402 1140 ed.
426 1115 531 1138 nostr.
556 1106 656 1140 Tum.
679 1106 803 1140 XXIV.
829 1120 901 1151 pag.
928 1106 1005 1141 359.
1029 1119 1097 1151 seq.

164 1165 200 1209 ³)
224 1163 327 1207 Quod
353 1163 453 1195 vertit
478 1162 636 1196 Rufinus:
669 1162 773 1202 „nihil
797 1161 993 1203 ingenitum,
1018 1161 1051 1194 id
1077 1171 1126 1193 est
1149 1162 1200 1195 in-

71 1214 232 1248 uatum.“
270 1209 303 1241 id
330 1208 554 1253 Hieronymus
590 1207 754 1240 reddidit:
788 1207 892 1248 „nihil
916 1207 1123 1245 infectum,“
1166 1208 1200 1239 in

72 1255 168 1300 epist.
193 1254 233 1287 ad
263 1253 411 1291 Avitum,
437 1252 494 1284 ubi
519 1252 580 1285 ait:
618 1252 792 1293 „Tertium
824 1251 982 1294 dignitate
1015 1260 1047 1283 et
1070 1251 1200 1284 honore

70 1308 150 1345 post
171 1300 305 1332 Patrem
332 1307 365 1330 et
387 1297 526 1337 Filium,
550 1297 666 1329 asserit
682 1297 846 1340 Spiritum
870 1306 1040 1336 sanctum3
1063 1297 1104 1329 de
1129 1310 1199 1342 quo

73 1358 148 1378 cum
173 1344 327 1386 ignorare
351 1356 384 1375 se
410 1344 518 1383 dicat,
556 1352 669 1375 utrum
696 1343 802 1374 iaetus
825 1341 885 1381 sit,
915 1354 956 1373 an
980 1341 1140 1381 infectus,
1164 1342 1200 1375 in

69 1388 315 1435 posterioribus
342 1387 419 1432 quid
452 1388 493 1420 de
519 1400 558 1420 eo
583 1386 720 1419 sentiret
754 1386 931 1431 expressit,
961 1386 1043 1418 nihil
1076 1388 1199 1432 absque

69 1436 146 1469 Deo
177 1443 272 1479 patre
303 1434 465 1466 infectum
498 1445 567 1465 esse
592 1433 827 1465 confirmans.“
876 1436 940 1471 At,
965 1432 1054 1464 bona
1079 1432 1202 1464 Hiero-

71 1479 161 1526 nymi
186 1478 282 1511 venia
307 1478 465 1516 dixerim.
497 1477 607 1522 decipi
639 1489 674 1509 se
698 1490 813 1521 passus
838 1486 886 1509 est
909 1476 1083 1518 ambiguae
1109 1477 1200 1510 vocis

72 1525 250 1570 ἀγένητον
271 1523 526 1565 significatione,
551 1535 634 1567 quae
660 1534 729 1555 non
753 1535 888 1566 semper
913 1534 1005 1563 „rem
1018 1521 1200 1554 infectam“

73 1569 236 1615 exprimit.
287 1571 316 1601 A
340 1566 495 1613 γεννάω,
517 1570 630 1612 ρίῃπο,
655 1567 694 1599 fit
718 1566 899 1612 γεννητὸς,
921 1569 1074 1610 yenitus:
1097 1580 1115 1599 a
1140 1573 1200 1612 yt-

73 1628 194 1658 νομαι,
220 1626 304 1657 sum,
329 1616 465 1656 exsisto,
491 1614 530 1646 fit
554 1611 711 1657 γενητὸς,
736 1613 802 1644 hoc
826 1621 895 1644 est:
920 1613 1046 1646 habens
1064 1613 1106 1645 ab
1126 1614 1199 1646 ali-

73 1672 138 1705 quo
151 1667 190 1694 ut
201 1662 255 1694 sit.
292 1660 421 1704 ltaque,
445 1667 483 1691 ut
501 1659 656 1691 observat
670 1656 813 1690 Huetius
827 1656 1059 1698 Origenianor.
1085 1657 1141 1690 lib.
1156 1658 1199 1695 ll,

74 1714 199 1750 quaest.
224 1705 266 1738 ll.
289 1716 381 1738 num.
404 1703 471 1744 23„
494 1704 520 1736 si
544 1702 684 1748 proprie
714 1702 810 1747 loqui
834 1701 994 1742 velimus,
1024 1702 1118 1735 Deus
1142 1716 1202 1747 pa-

74 1760 128 1782 ter
150 1758 200 1782 est
219 1749 434 1794 εἰγέννητος.
468 1758 502 1781 et
526 1749 715 1794 ἀγένητος,
748 1747 823 1792 quia
849 1759 958 1791 neque
983 1748 1024 1779 ab
1049 1747 1122 1779 ullo
1146 1761 1202 1790 ge-

74 1794 164 1827 nitus
188 1803 247 1834 est,
269 1806 380 1839 neque
403 1795 445 1826 ab
467 1793 540 1826 ullo
566 1794 666 1826 hahet
688 1801 724 1825 ut
751 1793 802 1830 sit.
849 1791 996 1835 Spiritus
1019 1805 1100 1824 vero
1124 1805 1201 1825 san·-

76 1849 146 1872 ctus
175 1851 243 1871 non
273 1848 323 1872 est
352 1839 539 1884 γεννητὸς,
569 1840 725 1883 ρεηίιαες
759 1850 836 1870 nam
868 1836 1013 1878 gignitur
1042 1850 1060 1869 a
1091 1837 1200 1871 Patre.

74 1884 134 1917 Est
157 1883 238 1916 item
261 1883 426 1928 γενητὸς·
459 1897 535 1916 nam
567 1897 585 1917 a
615 1893 711 1928 patre
740 1883 787 1915 sic
810 1892 968 1926 tanquam
990 1895 1007 1915 a
1032 1882 1201 1928 principio

77 1930 176 1962 habet
206 1937 244 1961 ut
275 1930 326 1961 sit.
379 1929 525 1973 Spiritus
562 1942 643 1961 vero
676 1937 807 1961 sanctus
836 1940 905 1959 non
941 1936 990 1959 est
1018 1927 1201 1971 γεννηιός,

76 1975 135 2007 sed
159 1974 324 2018 γενητός·
349 1974 534 2016 genitorem
558 1973 648 2006 enim
671 1986 740 2006 non
765 1972 874 2011 habet,
898 1973 956 2004 sed
980 1973 1080 2005 habet
1103 1986 1120 2005 a
1144 1987 1200 2018 pa-

77 2028 127 2051 tre
152 2028 185 2051 et
209 2019 280 2051 filio
304 2028 341 2051 ut
367 2018 506 2052 exsistat.
551 2019 641 2061 Ergo
666 2032 743 2051 cum
768 2017 833 2050 hoc
856 2017 935 2049 loco
961 2018 1006 2050 ait
1030 2018 1202 2060 Origenes,

76 2064 160 2096 nihil
184 2065 308 2108 absque
332 2073 426 2108 patre
450 2075 520 2096 esse
545 2063 737 2109 ἀγένητον,
769 2072 899 2107 patrem
929 2063 1041 2095 solum
1067 2063 1201 2108 ἀγένη-

75 2122 140 2144 τον
165 2121 234 2142 esse
260 2109 346 2148 vult,
379 2107 455 2153 quia
485 2109 576 2141 sotus
605 2110 647 2141 ab
676 2109 744 2141 alio
775 2121 845 2140 non
869 2107 967 2140 habet
990 2117 1027 2140 ut
1050 2108 1110 2150 sit,
1134 2122 1202 2141 non

77 2166 157 2187 vero
183 2154 261 2199 quia
285 2154 376 2186 solus
399 2152 542 2192 insectus
568 2162 600 2186 et
622 2154 788 2186 increatus
811 2161 878 2195 est3
906 2165 984 2185 nam
1008 2162 1041 2186 et
1065 2153 1130 2186 hoe
1153 2154 1204 2185 ul-

78 2192 287 2232 timo⁰seusu
309 2198 419 2231 filium
445 2198 631 2244 ἀγένητον,
657 2198 692 2231 id
716 2207 776 2237 est,
799 2197 983 2231 increatum
1006 2198 1122 2231 asserit
1145 2198 1202 2230 lib.

78 2245 136 2277 Vl.
161 2254 275 2277 contra
308 2243 395 2277 Cels.
427 2256 519 2277 num.
547 2243 598 2278 17.
653 2243 742 2276 Hinc
770 2242 877 2287 liquet
906 2256 925 2276 a
949 2256 1026 2276 vera
1050 2243 1206 2285 Origenis

78 2299 190 2322 mente
214 2291 382 2323 aberrasse
408 2289 669 2335 Hieronymum,
702 2301 777 2321 cum
801 2287 917 2321 vertit:
951 2288 1056 2330 „nihil
1079 2290 1204 2332 absque

888 2350 943 2384 44*
