1404 2463
3 0 25 127 i?
368 83 410 105 m:
438 73 630 105 Pflmcwns
657 72 765 104 Lmen
798 73 839 106 ΙΙ.
1102 74 1167 109 213

2 181 6 194 ι
45 164 215 208 quoddam
249 177 315 195 esst·
350 163 456 195 anima
489 163 573 194 inter
604 175 735 194 carnem
768 162 930 194 infirmam
957 172 984 194 et
1012 163 1165 206 spiritum

47 234 228 269 promtum.

19 278 23 338 l
133 287 165 319 5.
212 287 280 319 Sed
312 286 459 319 fortassis
489 294 641 318 occurrat
674 286 771 317 nobis
801 284 920 328 aliquis
955 300 990 317 ex
1023 286 1088 324 luis,
1124 288 1164 319 de

44 348 164 392 quibus
189 347 250 391 ipsi
276 347 307 379 in
333 347 453 379 nostris
477 346 767 390 propositionibus
790 347 1034 385 admonuimus,
1059 357 1091 379 et
1116 347 1165 380 di-

44 419 111 442 cat:
149 409 335 452 Quomodo
367 422 445 449 ergo
477 407 577 440 etiam
606 408 671 440 Dei
702 407 809 439 anima
844 407 988 441 dicitur?
1025 408 1086 439 Cui
1113 423 1163 440 re-

1 487 3 505 ι
43 470 283 515 spondebimus
307 470 370 501 hoc
395 470 516 502 modo:
549 469 636 512 Quia
660 469 746 501 sicut
770 468 899 507 onmia,
936 483 1019 513 quae
1043 483 1164 514 corpo—

43 532 200 575 raliter')
231 532 272 563 de
296 531 371 563 Deo
397 530 571 570 dicuutur,
605 530 639 563 id
664 540 713 563 est
738 530 789 562 vel
815 529 928 571 digiti,
961 531 1013 563 vel
1038 544 1163 570 manus,

45 594 97 626 vel
123 592 266 630 brachia,
292 593 343 623 vel
369 591 470 630 oculi,
495 591 544 623 vel
569 604 638 635 pes,
672 591 724 623 vel
750 605 796 631 os,
823 591 963 624 dicimus
988 606 1052 624 non
1082 595 1161 625 haec

44 655 184 687 humana
218 654 383 704 rqembra,
415 650 485 684 sed'
506 652 642 684 virtutes
675 652 743 697 ejus
777 654 933 697 quasdam
960 654 991 685 in
1017 654 1064 686 his
1090 668 1163 686 eor-

42 728 223 760 poreorum
253 715 481 746 membrorum
514 713 798 758 appellationibus
828 714 1032 758 indicariz2)
1063 717 1106 748 ita
1132 726 1163 749 et

43 777 157 819 esse3)
188 775 315 820 aliquid
356 775 446 807 aliud
487 776 669 819 putandum
707 785 771 814 est,
813 777 905 821 quod
935 777 1163 820 appellatione

41 837 120 876 hac,
154 849 237 881 quae
269 837 376 869 anima
407 836 473 868 Dei
508 836 648 877 dicitur,
684 837 855 870 indicatur.
910 837 953 870 Et
981 839 1008 870 si
1037 840 1084 872 sas
1115 849 1164 872 est

14 889 15 892 Ἴ
42 898 162 930 audere
193 911 253 930 nos
285 897 316 929 in
350 897 406 930 tali
440 912 475 930 re
506 899 649 943 amplius
681 898 807 942 aliquid
840 899 967 937 dicere,
1007 902 1163 944 potest⁴¹)

41 960 179 992 sortasse
210 959 316 992 anima
341 959 405 991 Dei
431 959 572 1001 intelligi
597 960 786 1001 unigenitus
810 959 917 992 Filius
942 961 1021 1006 ejus.
1068 962 1163 995 Sicut

42 1021 128 1053 enim
164 1022 271 1053 anima
308 1034 369 1065 per
407 1034 506 1053 omne
539 1035 661 1065 corpus
691 1020 811 1053 inserta
844 1031 957 1053 movet
990 1023 1099 1055 omnia
1131 1034 1162 1056 et

41 1083 158 1124 agitat,
190 1096 273 1127 quae
308 1092 466 1126 operatur
497 1082 664 1114 universa:
698 1082 740 1114 ita
772 1092 804 1114 et
835 1082 1026 1125 unigenitus
1056 1084 1162 1118 Filius

42 1145 118 1184 Dei,
145 1144 202 1188 qui
227 1145 323 1183 est5)
350 1144 486 1175 verbum
513 1153 545 1176 et
567 1143 727 1187 sapientia
752 1143 831 1187 ejus,
857 1144 1014 1187 pertingit
1040 1155 1072 1178 et
1089 1160 1163 1190 per-

44 1205 133 1238 venit
156 1206 197 1238 ad
223 1218 356 1237 omnem
384 1205 539 1237 virtutem
559 1204 643 1244 Dei,
682 1204 864 1248 insertusss)
890 1205 930 1238 ei.
976 1207 1020 1238 Et
1044 1208 1163 1240 sortas-

42 1267 85 1299 sis
110 1268 154 1299 ob
179 1265 275 1312 hujus
299 1266 496 1299 sacramenti
519 1266 681 1298 indicium
706 1279 827 1310 corpus
850 1266 882 1298 in
907 1267 1085 1312 Scripturis
1110 1270 1161 1302 vel

45 1328 166 1362 dicitur
189 1328 300 1368 Deus,
336 1329 388 1360 vel
422 1327 630 1360 describitur.
680 1327 968 1361 Considerandum
998 1343 1073 1363 sane
1105 1340 1163 1370 est,

43 1403 85 1422 ne
109 1391 197 1422 sorte
222 1389 327 1434 possit
341 1390 372 1434 ⁷)
398 1389 495 1422 etiam
521 1402 583 1433 pro
608 1389 672 1421 hoc
696 1388 804 1422 anima
827 1390 893 1422 Dei
918 1390 1058 1433 intelligi
1082 1392 1164 1425 Uni-

44 1451 172 1494 genitus
198 1450 284 1497 ejus,
317 1451 476 1496 quoniam
507 1450 599 1483 veuit
622 1460 655 1483 et
678 1450 750 1495 ipse
775 1451 809 1483 in
833 1451 946 1485 locum
971 1453 1057 1486 hunc
1081 1454 1164 1486 affli-

47 1513 183 1553 ctionis,
207 1522 240 1546 et
264 1513 343 1557 in⁸)
370 1513 556 1544 convallem
588 1512 685 1544 fletus
712 1513 902 1554 descendit,
938 1524 970 1546 et
994 1515 1026 1546 in
1052 1514 1163 1547 locum

45 1574 285 1608 humiliationis
308 1583 457 1607 nostrae:
480 1573 565 1606 sicut
589 1573 670 1606 dicit
693 1573 726 1605 in
750 1574 901 1609 Psalmo:
927 1575 1119 1618 „Quoniam
1132 1578 1165 1621 ⁹)

144 1692 174 1735 ¹)
200 1692 304 1723 Deest
327 1691 360 1723 in
386 1700 478 1723 antea
503 1690 600 1723 editis
625 1691 673 1734 (v.
700 1704 727 1722 c.
753 1691 826 1723 edd.
855 1691 938 1735 Μ.),
977 1693 1033 1724 sed
1067 1693 1166 1726 habe-

49 1747 104 1770 tur
127 1737 160 1768 in
184 1737 264 1769 Mss.
290 1736 563 1780 „corporaliter.“
589 1736 629 1769 R.
717 1737 750 1779 2)
768 1737 831 1769 Ed.
849 1737 896 1768 M.
919 1737 939 1769 Ι.
963 1737 1164 1778 „indicare.“

142 1792 176 1835 ³)
200 1791 255 1824 Sic
284 1792 362 1823 Mss.
394 1791 486 1823 Libri
521 1804 600 1824 vero
632 1790 713 1823 editi
745 1793 792 1835 (v.
823 1804 849 1824 c.
875 1793 948 1825 edd.
974 1794 1041 1838 M.)
1076 1808 1165 1836 „esse

51 1837 142 1869 aliud
168 1836 351 1880 putandum
378 1845 426 1868 est
450 1849 548 1880 quam
574 1837 686 1880 quod“
715 1846 775 1868 etc.
793 1837 839 1871 R.

144 1894 177 1935 ⁴)
206 1892 273 1925 Cfr.
300 1892 350 1924 ed.
375 1892 502 1936 Redep.
528 1905 601 1936 pag.
625 1891 702 1926 213.
728 1901 798 1925 not.
823 1892 875 1926 38.

145 1948 177 1989 ⁵)
203 1946 420 1980 Desideratur
445 1952 534 1988 „est“
562 1948 595 1980 in
620 1948 695 1981 edd.
721 1947 769 1981 Μ.

144 2003 177 2045 ⁶)
204 2004 251 2034 lta
276 2003 355 2035 Mss.
379 2003 467 2035 Alias
492 2003 537 2046 (v.
564 2016 588 2034 c.
614 2004 647 2035 in
673 2004 747 2036 edd.
774 2004 838 2048 Μ.)
871 2015 925 2047 „et
955 2005 1094 2038 insertus
1120 2016 1168 2039 est

54 2049 92 2081 ei.
141 2048 185 2080 Et
207 2048 353 2080 fortassis
378 2048 418 2080 ad
442 2047 558 2092 Ιιῃῇιιειι
586 2057 646 2080 etc.
673 2050 711 2082 R.

0 2116 5 2179 Ι
147 2105 178 2147 7)
204 2102 260 2136 Sic
287 2103 365 2137 Mss.
391 2103 479 2136 Libri
507 2103 587 2136 editi
611 2104 657 2147 (v.
687 2119 713 2137 c.
732 2105 808 2137 cdd.
823 2106 887 2149 M)
912 2115 1046 2150 „potest
1069 2106 1168 2139 etiam

4 2167 6 2170 v
54 2163 115 2194 per
137 2148 202 2180 hoc
226 2148 354 2181 ειηίῐῐιεια
383 2158 446 2183 etc.
469 2149 507 2181 R.
601 2152 635 2192 ⁵)
661 2150 765 2182 Deest
789 2151 863 2191 „in“
889 2150 921 2183 in
947 2152 1020 2183 edd.
1048 2153 1094 2184 M.

56 2249 120 2284 014
146 2204 327 2284 ⁹gmpszlnllm.
353 2205 470 2244 XLlV,
496 2204 548 2240 19.
573 2205 729 2249 (XLlll.)
761 2206 837 2238 coll*
870 2207 917 2239 ed.
945 2207 1072 2250 Redep.
1099 2220 1170 2251 pag.
