1404 2463
182 123 248 159 480
665 121 843 156 Oamssms

276 212 330 248 36.
378 212 467 244 Puto
507 224 584 243 sane
616 213 714 256 operi
752 212 831 245 huic
862 221 979 245 nostro
1013 211 1223 245 contrarium
1253 224 1324 245 non

186 273 306 314 videri,
331 273 360 306 si
384 273 485 305 etiam
512 274 554 305 de
578 273 833 306 immortalitate
858 273 1112 306 rationabilium
1129 281 1325 313 naturarum

189 349 290 381 quam
321 347 500 380 possumus
516 334 547 377 ¹)
573 335 721 368 breviter
745 345 948 380 repetamus.
996 334 1118 368 Omnis
1141 334 1201 379 qui
1224 333 1327 378 parti—

189 398 278 442 cipat
302 395 455 442 alicuju5‚
481 409 556 428 cum
583 409 624 429 eo
650 397 709 442 qui
735 397 886 443 ejusdem
910 397 959 429 rei
984 396 1153 442 particeps
1171 405 1231 435 est,
1254 394 1326 428 sine

188 460 294 492 dubio
323 458 423 491 unius
453 458 656 492 substantiae
682 468 749 501 est,
785 458 953 503 uniusque
976 467 1125 491 naturae.
1172 457 1221 490 Ut
1243 465 1328 506 puta

189 521 352 565 ornnes²)
386 519 479 553 oculi
518 519 602 552 lucis
632 521 854 565 participant,
895 529 929 552 et
958 520 1036 552 ideo
1070 532 1188 552 omnes
1223 518 1328 558 oculi,

187 582 244 628 qui
277 583 319 615 de
358 582 434 614 luce
465 580 687 625 participant,
728 582 827 614 unius
858 591 995 614 naturae
1025 589 1121 623 sunt;
1159 581 1219 613 sed
1248 579 1329 612 licet

189 643 298 677 omnis
338 644 380 676 de
413 643 490 675 luce
521 641 703 686 participet
734 643 871 682 oculus,
906 651 1021 675 tamen
1052 642 1212 687 qnoniam
1243 641 1329 674 alius

187 706 328 744 acutius,
352 704 437 737 alius
463 704 616 736 obtusius
641 704 744 744 videt,
767 717 836 736 non
863 703 974 736 omnis
999 704 1119 737 oculus
1142 702 1330 748 aequaliter

190 768 232 800 tle
256 767 332 799 luce
355 764 548 810 participat.
587 765 632 797 Et
655 778 808 798 rursum:
834 765 944 798 omnis
968 764 1102 798 auditus
1127 777 1249 797 vocem
1273 763 1328 797 vel

189 840 313 861 sonum
345 826 483 870 recipit,
522 835 555 858 et
578 825 658 858 ideo
686 827 795 859 omnis
819 826 954 859 auditus
978 827 1077 859 unius
1100 835 1238 859 naturae
1263 834 1326 866 θεῖς

189 901 304 921 verum
341 899 405 931 pro
437 886 598 930 qualitate
625 888 706 931 puri
737 896 771 919 et
793 887 915 919 sinceri
940 887 1074 920 auditus
1097 887 1329 931 unusquisque

188 949 340 982 velocius
365 948 469 988 audit,
494 948 548 980 vel
573 949 710 982 tardius.
759 949 984 982 Transeamus
1009 961 1088 991 ergo
1113 950 1155 981 ab
1179 948 1229 981 his
1253 960 1327 981 sen-

188 1011 343 1044 sibilibus
384 1009 546 1054 exemplis
586 1010 628 1042 ad
667 1010 951 1043 intellectualium
990 1010 1328 1055 contemplationem.

188 1072 355 1115 Omnis-²¹)
381 1084 487 1112 mens,
515 1083 600 1115 quae
626 1072 669 1104 de
691 1071 918 1105 intellectuali
943 1072 1018 1104 luce
1035 1072 1225 1116 participat,
1252 1084 1330 1104 eum

190 1134 285 1167 omni
308 1142 440 1172 mente,
465 1145 550 1177 quae
575 1132 680 1165 simili
705 1134 811 1166 modo
837 1134 879 1166 de
903 1133 1127 1167 intellectuali
1151 1133 1227 1165 luce
1247 1145 1329 1177 par-

190 1197 329 1240 ticipat,
362 1194 460 1227 unius
476 1194 509 1239 4)
535 1195 606 1227 sine
638 1195 744 1227 dubio
770 1196 873 1228 debet
896 1208 966 1228 esse
990 1183 1140 1230 naturae.
1172 1194 1226 1229 ,Si
1249 1206 1329 1235 ergo

189 1260 353 1291 coelestes
378 1256 517 1289 virtutes
541 1256 778 1290 intellectualis
804 1256 906 1296 lucis,
941 1256 978 1289 id
1003 1266 1054 1289 est
1075 1256 1211 1290 divinae
1234 1264 1331 1288 natu-

191 1333 264 1360 rae,
289 1332 351 1364 per
373 1318 458 1358 hoc,
484 1317 623 1363 quod⁵)
647 1317 830 1363 sapientiae
857 1327 889 1351 et
912 1318 1170 1352 sanctificationi
1193 1316 1331 1364 partici-

287 1499 316 1543 Ι)
341 1498 429 1531 Edd.
456 1497 504 1530 Μ.
531 1497 753 1541 „possimus.“

285 1561 320 1604 ²)
346 1559 404 1593 Sic
423 1571 539 1591 omnes
559 1559 669 1593 Codd.
689 1560 769 1592 Mss.
786 1557 882 1592 Editi
900 1559 947 1603 (v.
965 1572 992 1592 c.
1012 1559 1088 1593 edd.
1101 1559 1170 1603 M)
1192 1572 1331 1600 „omnes

194 1615 298 1657 oculi,
324 1615 380 1659 qui
407 1614 493 1647 lucis
516 1615 731 1659 participant,
755 1614 854 1647 unius
879 1624 1018 1647 naturae
1041 1618 1151 1648 sunt.“
1178 1615 1218 1647 R.

287 1676 322 1720 3)
349 1675 470 1708 Versio
497 1675 718 1722 Hieronymi,
752 1676 810 1708 cfr.
838 1689 889 1720 ep.
914 1677 955 1708 ad
981 1675 1118 1709 Avitum
1143 1689 1218 1720 pag.
1243 1675 1332 1717 769„

191 1732 293 1765 habet
330 1731 471 1764 haecce:
511 1732 810 1773 „intellectualem
840 1731 1148 1776 rationabilemque
1177 1730 1332 1765 naturam

190 1788 291 1820 sentit
317 1788 422 1827 Deus,
449 1796 482 1819 et
505 1787 694 1829 unigenitus
721 1787 830 1820 Filius
855 1787 936 1832 ejus,
962 1797 994 1819 et
1011 1787 1159 1832 Spiritus
1182 1788 1332 1821 sanctus:

193 1844 343 1877 sentiunt
373 1843 484 1885 angeli
519 1853 553 1876 et
582 1852 786 1887 potestates,
820 1853 1018 1887 ceteraeque
1044 1843 1202 1886 virtutes3
1234 1844 1335 1877 sentit

194 1900 337 1932 interior
368 1901 493 1939 homo,
534 1899 592 1944 qui
631 1900 673 1932 ad
702 1899 881 1941 imaginem
917 1909 949 1932 et
981 1899 1238 1932 similitudinem
1264 1899 1333 1932 Dei

192 1956 349 1987 conditus
381 1965 439 1988 est.
486 1955 537 1988 Ex
576 1968 644 2000 quo
677 1955 893 1988 concluditur
917 1955 1029 1988 Deum
1069 1965 1104 1988 et
1133 1957 1215 1989 haec
1247 1969 1332 2002 quo-

190 2011 375 2043 dammodo
415 2011 515 2044 unius
556 2024 627 2044 esse
665 2012 904 2046 substantiae.“
938 2031 982 2036 --
1023 2011 1093 2046 Csr.
1125 2013 1176 2046 ed.
1201 2013 1332 2056 Redep.

190 2079 265 2111 pag.
299 2066 377 2101 381.
416 2076 487 2100 not.
523 2067 551 2101 1.
590 2067 669 2100 coll.
702 2067 938 2110 Origenianor.
980 2068 1038 2100 lib.
1066 2069 1106 2101 ΙΙ.
1147 2077 1274 2113 quaest.
1308 2068 1331 2099 Ι.

189 2134 281 2154 num.
307 2122 338 2155 5.
365 2121 397 2155 6.
424 2122 455 2155 ’7.
1233 2167 1235 2169 ¹

283 2183 317 2227 ⁴)
343 2182 400 2215 Sic
424 2183 507 2217 Blss.
532 2184 626 2217 Editi
653 2184 699 2229 (v.
726 2197 754 2217 c.
782 2185 858 2219 edd.
884 2185 950 2228 M.)
978 2184 1183 2233 „ejusdemf‘
1210 2184 1249 2216 R.

283 2245 317 2287 5)
343 2244 401 2277 Sic
431 2244 512 2278 Blss.
546 2245 638 2278 Editi
671 2246 720 2289 (V.
753 2259 781 2279 c.
813 2246 888 2279 edd.
922 2246 988 2291 Μ.)
1026 2246 1140 2291 „quod
1180 2245 1222 2278 de
1259 2244 1330 2289 ipsa

191 2299 454 2344 sanctificatione
480 2300 716 2344 pa1·ticipant.“
743 2302 782 2334 R.
