1404 2463
377 103 422 124 DE
447 93 641 126 Pfflxcwns
668 94 779 124 Lim-:R
804 92 845 124 11.
1115 89 1177 123 139

55 188 164 219 retur,
196 179 308 213 dicens
333 181 490 225 quoniam
515 181 568 222 „in
585 182 616 225 ¹)
642 181 714 226 ipso
742 181 898 220 vivimus,
931 189 963 212 et
987 192 1174 217 movemur,

57 250 90 273 et
112 246 255 275 sumus.“
305 242 489 285 Quomodo
523 243 609 274 enim
647 243 679 274 in
705 243 780 274 Deo
812 242 967 279 vivimus,
1005 249 1037 272 et
1060 253 1176 271 move-

55 315 146 342 mur,
180 312 212 336 et
236 317 364 344 sumus,
396 303 459 335 nisi
485 305 574 348 quod
588 304 621 348 ²)
649 304 769 335 virtute
801 317 857 336 sua
882 303 1068 334 universum
1095 307 1175 332 con-

55 364 181 406 stringit
217 374 251 397 et
281 365 429 397 continet
461 365 650 398 mundum?
688 365 875 407 Quomodo
905 373 1015 396 autem
1041 363 1173 395 coelum

54 426 149 458 sedes
172 426 239 459 Dei
264 435 327 465 est,
363 435 396 459 et
427 435 512 459 terra
542 427 724 459 scabellum
754 427 879 470 pedum
914 425 1001 470 ejus,
1039 424 1173 463 sicut³)

54 486 126 531 ipse
143 487 297 521 Salvator
319 487 530 531 pronuntiat,
553 489 615 520 nisi
641 488 716 532 quia
743 497 775 519 et
798 487 832 519 in
858 487 954 519 coelo
980 495 1012 518 et
1036 488 1070 518 in
1086 495 1173 518 terra

55 548 157 581 virtus
181 548 249 593 ejus
272 550 382 593 replet
404 550 573 589 universa,
597 549 681 582 sicut
706 559 738 581 et
762 549 844 582 dicit
864 547 1055 581 Dominus?
1081 547 1176 590 Quo-

53 610 157 642 modo
183 622 260 651 ergo
285 622 401 653 parens
425 610 576 643 omnium
592 612 685 644 Deus
709 610 900 644 universum
923 610 1088 642 mundum
1111 609 1177 641 vir-

54 670 135 703 tutis
171 671 378 715 plenitudine
408 673 537 716 repleat
569 682 668 717 atque
700 672 886 712 contineat,
923 685 961 704 ex
991 671 1056 710 his,
1091 684 1176 716 quac

56 732 279 773 ostendimus,
315 747 384 766 uon
420 743 504 777 puto
538 734 782 779 quemquam⁴)
814 734 997 766 difficulter
1020 746 1175 765 annuere.

53 792 128 825 Jam
158 806 235 826 sane
270 795 475 840 quoniam5)
506 796 654 829 diversos
678 806 788 828 motus
812 796 1060 828 rationabilium
1087 809 1177 828 crea-

54 864 202 888 turarum
238 856 410 901 variasque
445 858 622 890 sententias
655 871 785 890 causam
818 857 946 890 dedisse
978 857 1176 889 diversitatis

52 917 179 950 mundo
214 918 291 950 huic
319 931 429 951 sermo
459 918 640 963 superioris
671 918 903 962 disputationis
928 919 1092 960 ostendit,
1129 919 1178 951 vi-

55 978 202 1011 dendum
240 992 282 1011 ne
321 981 409 1012 forte
447 980 565 1012 similis
579 980 611 1024 ⁶)
646 980 743 1012 initio
785 980 888 1012 exitus
925 994 1059 1025 quoque
1099 981 1176 1013 huic

54 1040 181 1072 mundo
220 1041 406 1074 conveniat.
462 1041 613 1074 Dubium
650 1041 738 1073 enim
771 1054 839 1073 non
881 1051 945 1082 est,
993 1043 1071 1086 quin
1102 1043 1176 1076 finis

55 1100 160 1145 ipsius
184 1101 217 1134 in
247 1101 436 1134 diversitate
460 1103 565 1135 multa
590 1103 697 1135 adhuc
722 1112 753 1134 et
779 1103 935 1135 varietate
959 1104 1176 1148 reperiendus

58 1161 118 1201 sit,
152 1175 238 1206 quae
262 1163 377 1208 utique
402 1164 539 1196 varietas
566 1165 600 1197 in
623 1164 719 1210 hujus
742 1165 858 1199 mundi
881 1165 948 1197 fine
972 1167 1177 1211 deprehensa

58 1223 213 1267 causas7)
237 1238 348 1258 rursus
373 1226 598 1258 diversitatum
623 1226 756 1258 alterius
780 1226 895 1258 mundi
919 1236 996 1270 post
1021 1229 1108 1261 bunc
1124 1230 1178 1261 su-

57 1284 122 1316 turi
149 1285 448 1332 occasionesquess)
474 1288 662 1331 praestabit.

141 1346 174 1380 4.
222 1347 324 1390 Quod
351 1349 377 1381 si
403 1350 482 1381 haec
505 1351 549 1382 ita
574 1362 643 1383 esse
669 1351 753 1382 ordo
780 1349 1014 1394 disputationis
1039 1351 1175 1392 invenit,

54 1419 259 1453 consequens
288 1423 376 1442 nunc
400 1410 547 1450 videtur,
583 1411 742 1456 quoniam
766 1413 883 1444 mundi
908 1412 1078 1445 diversitas
1104 1413 1175 1446 sinc

56 1470 252 1513 corporibus
292 1472 471 1505 subsistere
508 1486 574 1505 non
612 1474 785 1518 potcst‚⁹)
825 1484 960 1506 naturae
992 1488 1175 1519 corporeae

55 1529 219 1565 discutere
242 1533 417 1567 rationem.
463 1535 512 1567 Ex
536 1536 635 1567 rebus
658 1534 738 1579 ipsis
763 1544 916 1579 apparet,
951 1537 1043 1580 quod
1068 1537 1176 1570 diver-

152 1687 182 1732 ¹)
209 1690 281 1722 Act.
305 1690 412 1730 XVll,
435 1688 489 1724 28.

150 1744 183 1788 ²)
207 1745 293 1780 Edd.
319 1746 366 1779 M.
394 1747 507 1791 „quod
538 1747 570 1779 in
594 1746 735 1779 virtute«
763 1756 824 1779 etc.

149 1800 184 1841 3)
207 1800 293 1834 Edd.
320 1802 366 1835 M.
393 1803 498 1844 „sicut
522 1812 555 1835 et
577 1802 669 1847 ipse“
695 1812 758 1836 etc.
784 1824 824 1828 —
851 1803 917 1836 Cfr.
934 1804 1105 1846 Mat1h.V‚
1120 1805 1174 1841 3-1.

150 1856 184 1900 ⁴)
207 1857 294 1891 Edd.
317 1859 367 1892 M.
391 1859 621 1904 „quicquam.“

153 1912 188 1956 ⁵)
212 1913 269 1946 Sic
292 1914 371 1946 Mss.
395 1914 486 1946 Alias
510 1916 556 1959 (v.
582 1928 608 1947 c.
634 1915 667 1947 in
689 1915 762 1947 edd.
788 1916 853 1960 Μ)
881 1919 1108 1961 „quomod0.“
1135 1920 1173 1951 R.

72 2015 79 2022 ι
109 2018 125 2035 α
150 1971 183 2012 6)
210 1969 268 2048 8ἰῖιέ
291 1970 370 2003 Mss.
396 1970 484 2003 Alias
509 1972 554 2015 (v.
581 1984 607 2004 c.
625 1971 659 2004 in
678 1972 754 2004 edd.
772 1973 840 2017 M.)
867 1973 986 2014 „simul
1011 1987 1087 2007 cum
1111 1975 1174 2007 ini-

56 2025 104 2048 tto
154 2024 215 2047 etc.
272 2043 278 2049 .

150 2073 182 2116 ⁷)
206 2072 310 2104 Deest
334 2071 366 2104 in
390 2081 484 2104 antea
509 2073 604 2105 editis
629 2073 674 2118 (v.
700 2087 726 2107 c.
752 2075 824 2108 edd.
851 2075 928 2120 M),
951 2077 1010 2108 sed
1034 2076 1175 2110 habetur

56 2117 90 2149 in
116 2116 194 2150 Mss.
222 2129 383 2150 »causas«
411 2118 449 2150 R.
481 2152 484 2155 ,

150 2172 185 2216 8)
208 2173 294 2206 Edd.
318 2174 365 2206 M.
392 2173 604 2214 „occasiones
628 2176 822 2218 praestabit:
847 2178 938 2220 quod
961 2177 1091 2210 scilicet
1114 2180 1175 2211 hu-

58 2218 107 2264 jus
131 2218 248 2251 mundi
270 2219 345 2250 finis
368 2217 500 2250 initium
524 2218 566 2251 sit
589 2220 701 2252 futuri.
740 2220 844 2263 Quod
867 2222 894 2254 si
917 2221 997 2254 haec
1020 2223 1086 2255 ita“
1112 2234 1172 2256 etc.

153 2275 185 2319 9)
210 2274 266 2309 Sic
290 2275 372 2309 Mss.
396 2275 487 2308 Alias
511 2279 560 2319 (v.
584 2289 610 2309 c.
635 2276 668 2309 in
694 2277 767 2310 cdd.
793 2277 859 2321 M.)
885 2278 1062 2323 »poterit.“
1089 2280 1127 2312 R.
