1404 2463
145 96 191 131 68
616 93 792 128 Omoms

144 186 178 218 in
203 183 383 229 Scripturis
407 183 576 225 dicuntur,
602 183 656 215 vel
681 184 828 225 angelus,
852 183 905 215 vel
929 183 1054 223 homo,
1077 182 1131 214 vel
1146 182 1178 227 ¹)
1202 195 1271 215 ser-

145 260 215 287 vus,
239 246 293 278 vel
317 245 500 287 thesaurus,
524 244 577 277 vel
603 257 662 277 cor
684 245 824 284 bonum,
849 244 902 277 vel
927 245 1027 276 arbor
1050 244 1155 277 bona:
1187 244 1270 277 haec

146 307 258 342 omnia
282 306 358 352 (60)
386 305 522 339 abusive
547 306 715 348 dicuntur,
740 305 1006 350 accidentem,²)
1029 318 1097 338 non
1121 306 1272 338 substan—

145 370 261 404 tialem
284 368 318 401 in
350 380 385 400 se
416 367 621 400 continentia
650 367 845 400 bonitatem.
892 367 1041 400 Multum
1074 376 1186 400 autem
1210 376 1270 410 est,

147 442 179 470 et
202 430 382 472 alterius3)
408 429 460 461 vel
486 428 608 473 operis,
633 430 686 461 vel
710 428 891 473 temporis,
929 441 1128 470 congregare
1154 442 1294 462 omnes.

147 492 228 527 Filii
250 491 318 525 Dei
341 491 603 536 appellationes:
629 490 722 523 verbi
746 503 852 530 causa,
877 490 1052 534 quomodo
1077 490 1131 522 vel
1155 490 1270 522 lumen

147 568 264 588 verum
287 562 354 593 est,
389 553 442 585 vel
475 552 662 595 ostium,⁴)
693 552 745 584 vel
778 550 920 597 justitia,
951 552 1004 584 vel
1041 551 1271 591 sanctificatio,

147 617 201 649 vel
224 614 402 653 redemtio,
427 623 460 645 et
483 613 546 646 alia
571 614 760 654 innumera;
783 614 861 655 et5)
886 613 1006 657 quibus
1031 614 1136 647 causis
1152 627 1272 646 unum—

147 678 305 723 quodque
329 676 450 708 horum
474 675 682 715 nominetur,
713 687 893 719 exponere.
940 675 1008 708 Sed
1034 675 1183 708 contenti
1207 675 1269 716 his,

148 740 190 772 de
215 739 334 784 quibus
358 736 509 781 superius
534 736 768 776 disseruimus,
801 746 1044 782 consequenter
1068 736 1167 770 eliam
1192 736 1271 770 reli-

151 814 215 846 qua
239 799 481 846 perquiramus.

384 1124 626 1165 CAPUT
687 1125 1035 1167 TERTIUM.

534 1225 587 1257 De
613 1224 741 1269 Spiritu
765 1235 890 1258 sancte.

240 1314 270 1349 1.
318 1313 533 1358 Consequens
545 1314 579 1358 ⁶)
604 1314 703 1356 igitur
727 1325 774 1347 est
799 1328 897 1354 nunc,
921 1324 959 1347 ut
983 1315 1025 1347 de
1050 1313 1178 1359 Spiritu
1201 1327 1274 1347 san-

151 1385 204 1409 cto
230 1388 328 1421 quam
353 1388 528 1420 possumus
552 1376 698 1408 breviter
721 1376 938 1420 requiramus.
984 1376 1028 1408 Et
1061 1388 1176 1408 omnes
1201 1375 1274 1420 qui-

150 1439 249 1478 dem,
288 1436 345 1482 qui
358 1438 390 1482 ⁷)
434 1438 677 1482 quoquomodo
717 1437 961 1482 providentiam
1007 1449 1076 1469 esse
1114 1436 1273 1476 sentiunt,

149 1500 262 1533 Deum
288 1512 357 1533 esse
379 1498 582 1541 ingenitum,
615 1498 672 1543 qui
704 1498 854 1531 universa
887 1498 1010 1531 creavit
1033 1508 1133 1543 atque
1159 1498 1274 1543 dispo-

151 1560 234 1602 suit,
266 1561 484 1601 confitentur,
517 1573 660 1605 eumque
683 1570 856 1604 parentem
869 1562 902 1605 ⁵)
927 1559 1148 1593 univcrsitatis
1172 1572 1273 1602 agno-

247 1705 278 1750 ¹)
302 1706 359 1739 Sic
383 1707 462 1739 Mss.
494 1706 531 1739 ln
561 1716 656 1739 antea
688 1705 785 1739 editis
816 1707 861 1751 (ν.
895 1720 922 1740 c.
948 1707 1026 1740 edd.
1050 1706 1116 1751 M.)
1154 1707 1274 1739 desunt

151 1751 269 1784 verba:
296 1751 370 1792 „vel
392 1756 535 1784 serx·us.“
560 1753 599 1784 R.

243 1809 277 1850 ²)
301 1807 358 1841 Sic
388 1807 467 1840 Mss.
498 1806 591 1839 Alias
623 1807 669 1851 (v.
695 1820 721 1840 e.
745 1807 779 1840 in
805 1808 880 1841 edd.
905 1807 969 1852 M)
1001 1807 1273 1849 „accidentalem,

152 1865 222 1885 non
246 1852 535 1885 subsistentialem.
560 1852 599 1884 R.

243 1909 277 1952 3)
304 1907 373 1941 Csr.
399 1907 499 1940 Tomi
524 1907 556 1940 in
581 1908 759 1942 Joannem.

241 1963 274 2009 ⁴)
298 1964 384 1997 Edd.
409 1964 457 1996 Μ.
485 1963 629 2005 „ostium
654 1967 734 1996 est.“

244 2021 277 2064 ⁵)
301 2020 389 2054 Edd.
412 2019 460 2052 Μ.
487 2018 541 2060 „in
567 2019 708 2064 quibus“
735 2030 795 2052 etc.

242 2076 276 2120 ⁶)
303 2075 371 2108 Cfr.
396 2074 455 2107 lib.
479 2075 520 2107 ad
544 2076 678 2108 Januar.
702 2088 775 2119 pag.
800 2075 864 2117 56,
887 2074 944 2107 ubi
970 2076 1022 2108 vel
1043 2075 1270 2108 totumhocce

151 2129 262 2166 caput,
285 2120 312 2153 si
335 2133 441 2164 pauca
466 2121 645 2165 exceperis,
668 2121 842 2166 repetitur.

239 2177 273 2220 ⁷)
298 2176 402 2208 Deest
428 2176 526 2221 „qui“
551 2176 585 2209 in
610 2176 662 2210 ed.
689 2177 735 2209 M.
762 2176 788 2209 Ι.

239 2231 273 2276 ⁸)
299 2230 356 2265 Sic
389 2232 468 2265 Mss.
504 2231 738 2267 Genebrardus
780 2233 913 2278 (itemq.
946 2234 1023 2267 edd.
1055 2233 1121 2278 M.)
1164 2232 1269 2265 male:

149 2280 374 2322 ’,Ροῑειὶῑοῐιιιζ
402 2278 440 2311 R.
