1404 2463
155 88 222 122 220
628 89 807 122 ‘Ostiensis

155 179 236 211 sima
264 178 365 222 possit
392 177 552 219 intelligi,
578 187 685 210 certus
710 192 781 210 sum
808 178 952 209 lmmano
979 178 1110 220 ingenio
1138 181 1189 211 vei
1216 193 1282 212 scr-

156 253 256 272 mone
282 238 440 284 explicari
464 251 531 270 non
557 252 673 283 posse,
710 239 772 272 nisi
797 240 906 284 ipsum
931 241 1068 272 verbum
1092 254 1129 273 ac
1154 242 1282 285 sapien-

157 302 235 334 tiam
261 311 293 333 et
316 300 494 346 justitiam,
520 301 576 344 qui
602 310 650 333 est
675 301 860 343 unigenitus
885 301 991 334 Filius
1015 302 1100 342 Dei,
1125 304 1282 347 prostrati

157 378 194 396 :te
217 363 385 408 supplices
411 363 649 406 deprecemur,
685 363 742 407 qui
767 376 826 407 per
857 363 993 405 gratiam
1018 377 1110 397 suam
1135 365 1285 397 sensibus

157 439 190 458 se.
223 424 345 457 nostris
377 424 574 464 infundens,
608 425 748 457 obscura
780 425 987 465 illuminare,
1026 426 1134 458 clausa
1159 425 1286 470 patefa-

158 501 250 526 cere,
285 487 500 530 pandereque
533 487 688 528 dignetur
719 500 853 519 arcana:
889 487 914 519 si
943 496 1053 519 tamen
1078 487 1301 520 inveniamur'

157 548 268 593 tam')
295 548 391 589 digne
418 548 470 580 vel
495 558 628 592 petere,
654 549 707 581 vel
733 562 910 593 quaerere,
942 549 994 580 vel
1020 548 1170 593 pulsare,
1201 548 1285 593 ut²)

157 611 211 642 vel
237 619 388 654 petentes
417 609 567 654 accipere
590 624 794 650 mereamur,
829 611 880 641 vel
907 620 1102 654 quaerentes
1127 610 1286 649 invenire,

158 673 210 705 vel
243 671 452 716 pulsantibus
488 671 641 717 jubeatur
674 672 806 716 aperiri.
855 673 930 704 Non
965 685 1042 713 ergo
1067 672 1144 704 freti
1169 681 1285 704 nostro

157 734 300 776 ingenio,
325 733 382 765 sed
408 733 512 777 ipsius
536 734 718 777 sapientiae
743 734 877 772 auxilio,
911 747 994 778 quae
1022 734 1100 766 fecit
1123 733 1286 772 universa,

158 805 189 827 et
213 795 356 840 justitiae
383 794 462 839 ejus,
487 809 585 839 quam
611 796 717 827 inesse
743 795 901 827 creaturis
926 795 1081 828 omnIbus
1107 796 1286 836 credimus,

157 856 293 888 interim
328 856 458 888 etiamsi
482 870 625 890 asserere
651 871 718 889 nou
745 857 909 897 valemus,
944 857 1046 902 ipsius
1071 867 1182 890 tamen
1207 871 1288 890 con—

158 918 208 950 fisi
233 918 461 950 misericordia
484 917 650 961 inquirere
675 918 940 962 perscrutarique
965 919 1179 959 tentabimus,
1204 932 1287 963 quo—

159 980 264 1012 modo
290 979 350 1011 ista
375 988 463 1011 tanta
489 978 627 1011 varietas
652 979 784 1018 mundi,
809 989 908 1024 atque
933 980 1122 1020 diversitas,
1148 981 1286 1025 omni³)

158 1042 282 1087 justitia
321 1055 357 1074 ac
395 1041 525 1073 ratione
566 1050 717 1072 constare
750 1040 911 1075 videatur.
964 1042 1142 1074 Rationem
1175 1052 1286 1075 autem

159 1104 234 1136 dico
267 1104 437 1136 dumtaxat
471 1103 676 1145 generalem3
715 1116 790 1135 nam
823 1103 1002 1147 specialem
1032 1104 1286 1150 singulorum⁴)

161 1175 194 1198 et
218 1178 378 1210 quaerere
402 1165 553 1209 imperiti
579 1174 637 1204 est,
662 1174 695 1197 et
718 1165 859 1197 reddere
885 1165 971 1197 velle
996 1166 1160 1199 dementis
1184 1177 1242 1199 est.

247 1223 278 1258 5.
325 1222 523 1254 Dicentibus
549 1221 706 1266 autem⁵)
737 1220 834 1253 nobis
859 1222 1020 1254 mundum
1046 1222 1144 1255 istum
1170 1222 1203 1255 in
1228 1224 1287 1257 hac

162 1284 320 1316 varietate
346 1283 513 1328 positum,
551 1296 613 1327 qua
645 1295 743 1327 supra
769 1282 982 1326 exposuimus
1007 1296 1024 1315 a
1049 1284 1125 1316 Deo
1150 1285 1287 1326 sactum,

161 1360 260 1391 quem
286 1347 398 1378 Deum
430 1355 462 1377 et
492 1346 618 1376 bonum
646 1353 678 1376 et
703 1344 825 1387 justum
852 1354 951 1388 atque
975 1345 1211 1389 aequissimum
1237 1346 1288 1379 di-

161 1409 275 1448 cimus,
304 1406 450 1451 objicere
475 1406 539 1438 hoc
564 1405 699 1450 plurimi
724 1406 844 1444 solent,
876 1415 909 1437 et
933 1406 965 1438 hi
990 1406 1142 1447 maxime,
1168 1407 1224 1452 qui
1249 1422 1288 1440 ex

160 1470 272 1502 schola
300 1468 496 1507 Marcionis,
522 1477 554 1500 et
579 1467 764 1507 Valentini,
789 1477 821 1499 et
846 1467 1012 1500 Basilidae
1038 1468 1207 1502 venientes
1232 1483 1288 1502 au-

161 1530 337 1575 dierunt'3)
370 1530 515 1562 diversas
542 1542 610 1561 esse
640 1538 772 1561 naturas
797 1529 998 1568 animarum,
1038 1532 1212 1574 quomodo
1237 1532 1288 1577 ju-

159 1593 267 1626 stitiae
292 1592 357 1624 Dei
390 1582 567 1624 conveniai
596 1591 758 1622 mundum
792 1591 961 1631 facientis,
991 1600 1029 1623 ut
1061 1592 1286 1626 habitaculum

160 1656 232 1688 aliis
258 1654 393 1699 quidem
418 1653 451 1685 in
477 1652 581 1685 coetis
605 1653 782 1697 praebeat,
808 1662 839 1685 et
864 1667 932 1686 non
956 1654 1066 1686 solum
1090 1653 1139 1686 his
1164 1654 1289 1688 habita-

166 1718 280 1749 culum
312 1715 431 1748 melius
461 1714 659 1759 praestet,⁷)
700 1727 814 1746 verum
847 1715 947 1747 etiam
981 1716 1119 1757 gradum
1142 1716 1288 1761 aliquem

258 1809 289 1849 ¹)
314 1806 372 1839 Sic
398 1805 476 1837 Mss.
502 1804 591 1838 Libri
618 1803 699 1836 editi
724 1804 770 1848 (v.
797 1817 823 1836 c.
850 1804 926 1837 edd.
952 1803 1017 1848 M.)
1045 1817 1171 1845 „eam.«
1197 1805 1237 1838 R.

252 1863 286 1906 ²)
311 1862 397 1894 Edd.
425 1861 474 1895 M.
501 1860 575 1901 „vel
600 1870 636 1892 ut
660 1869 829 1904 petentes«
863 1868 924 1892 ete.

254 1921 288 1962 a)
313 1918 369 1952 Sic
394 1926 483 1948 recte
509 1917 588 1950 Mss.
615 1916 704 1949 Alias
729 1916 776 1960 (V.
803 1929 830 1949 c.
855 1915 888 1947 in
914 1916 989 1950 cdd.
1014 1916 1080 1960 M.)
1113 1917 1287 1958 „omnium

161 1965 304 2012 justitiae
330 1962 470 1995 ratione.
475 1978 489 1992 u
519 1962 557 1994 R.

253 2020 286 2061 ⁴)
312 2019 368 2052 Sic
393 2019 471 2050 Mss.
498 2017 588 2049 Alias
613 2018 658 2060 (V.
685 2030 711 2049 c.
738 2015 771 2048 in
796 2017 871 2049 edd.
898 2016 965 2061 Μ.)
993 2016 1231 2059 »singulorurm
1256 2027 1289 2050 et

163 2078 321 2111 quat-rem
354 2063 516 2096 rationem
548 2061 735 2105 imperitiae
771 2071 836 2102 est,
840 2066 856 2083 “
890 2071 951 2094 etc.

257 2119 472 2165 ᾗ)Ε(1(1.Μ.
501 2118 650 2159 „igitur.«

256 2178 289 2220 6)
316 2177 362 2208 lta
390 2175 468 2208 Mss.
497 2173 584 2206 Alias
610 2175 656 2217 (v,
682 2187 710 2206 c.
734 2174 768 2206 in
795 2175 870 2208 edd.
899 2175 968 2217 M.)
994 2184 1194 2215 „asserunt.«

258 2231 371 2310 ⁷)RSic
406 2232 482 2264 Mss.
516 2231 550 2262 ln
583 2230 679 2263 editis
710 2231 756 2274 (v.
791 2243 817 2262 c.
851 2231 924 2263 edd.
950 2231 1016 2275 M.)
1047 2231 1140 2263 deest
1172 2244 1286 2275 „prae—

163 2284 258 2314 stet.“
316 2303 321 2309 .
