1404 2463
181 79 245 113 310
648 83 823 114 (jammis

185 170 373 208 daemones,
400 170 475 202 loco
501 170 563 202 sibi
589 170 620 203 in
647 184 764 203 eorum
791 169 956 202 mentibus
982 170 1071 209 dato,
1089 169 1119 212 ’)
1137 180 1234 212 quem
1255 167 1304 199 in-

186 231 404 274 temperantia
428 233 519 276 prius
545 232 747 276 patefecerit,
771 244 902 264 sensum
928 243 1045 263 eorum
1071 230 1202 275 penitus
1227 244 1304 275 pos-

187 292 348 333 sedetiam
386 293 525 325 maxime
558 307 632 326 cum
666 294 755 326 nulla
781 307 838 325 eos
863 293 903 325 ad
929 292 1148 324 resistendum
1175 291 1305 325 virtutis

189 352 292 394 gloria
317 354 503 387 concitm-it.

276 415 307 449 3.
355 415 458 459 Quod
490 425 599 448 autem
625 416 691 449 sint
714 417 875 461 quaedam
901 424 1058 459 peccata,
1091 429 1174 460 quae
1198 429 1265 449 non
1291 431 1307 449 a

192 477 365 509 contrariis
400 477 574 510 virtutibus
598 478 749 517 veniant,
782 479 839 510 sed
867 491 903 509 ex
927 478 1132 510 naturalibus
1158 479 1310 523 corporis

192 538 337 571 motibus
362 538 492 571 initium
517 549 658 580 sumant,
682 539 947 572 manifestissime
969 540 1115 572 declarat
1137 541 1311 585 apostolus

195 600 315 632 Paulus
341 600 374 632 in
406 614 465 640 eo,
501 603 578 634 dum
606 601 703 634 dicit:
738 602 846 642 „Caro
861 602 893 644 ²)
920 601 1128 645 concupiscit
1157 603 1314 635 adversus

195 661 359 706 spiritum,
383 663 516 707 spiritus
541 673 650 696 autem
676 664 831 696 adversus
850 676 999 695 carnem:
1024 664 1104 696 haec
1120 673 1206 703 sunt,
1231 677 1314 708 quae

194 723 256 755 sibi
286 724 428 756 invicem
462 725 634 765 resistunt,
666 734 702 756 ut
733 738 800 757 non
830 738 914 769 quae
949 725 1046 757 vultis
1072 725 1129 758 itla
1154 725 1314 759 faciatis.“

197 785 231 819 Si
257 799 334 828 ergo
361 799 435 818 caro
461 786 667 830 concupiscit
692 787 846 819 adversus
870 787 1036 831 spiritum,
1061 796 1093 819 et
1109 787 1244 832 spiritus
1261 788 1317 820 ad-

199 860 310 879 versus
344 861 489 887 carnem,
523 857 571 880 est
601 848 698 879 nobis
731 848 910 892 aliquando
943 848 1137 881 colluctatio
1162 850 1318 882 adversus

200 922 330 941 carnem
356 919 388 942 et
410 910 618 951 sanguinem,
649 909 682 941 id
709 919 772 951 est,
807 923 882 942 curn
914 910 1065 943 homines
1089 911 1261 953 sumus,³)
1287 920 1318 942 et

199 972 379 1003 secundum
413 984 543 1004 carnem
577 972 843 1015 ambulanius,‘)
874 982 905 1004 et
938 985 1012 1004 cum
1045 986 1113 1004 non
1144 985 1320 1017 possumus

200 1033 318 1065 tentari
356 1034 388 1066 in
425 1033 607 1078 majoribus
637 1033 876 1066 tentationibus
909 1048 1007 1079 quam
1038 1034 1208 1073 humanis,
1246 1047 1320 1066 cum

204 1093 324 1126 dicitur
348 1096 388 1126 de
413 1095 524 1128 nobis:
553 1095 776 1139 „Tentatio⁵)
801 1109 858 1128 vos
882 1109 949 1128 non
975 1096 1238 1141 comprehendat
1260 1095 1322 1127 nisi

205 1155 354 1188 humana.
410 1157 538 1189 Fidelis
577 1166 687 1190 auten·
720 1157 829 1197 Deus,
870 1157 925 1202 qui
960 1171 1027 1190 non
1057 1157 1231 1202 permittet
1265 1170 1323 1189 vos

208 1218 324 1250 tentari
349 1232 446 1263 supra
472 1219 505 1251 id
531 1220 622 1264 quod
648 1219 819 1264 potestis.“
868 1220 962 1252 Sicut
986 1219 1073 1252 enim
1098 1219 1142 1259 hi,
1167 1218 1223 1264 qui
1248 1232 1325 1261 ago—

207 1279 302 1312 nibus
326 1291 492 1324 praesunt,
517 1294 584 1321 eos,
609 1282 665 1326 qui
688 1282 728 1314 ad
753 1290 919 1313 certamen
945 1281 1091 1320 veniunt,
1115 1294 1183 1314 nou
1207 1290 1326 1313 utcun-

209 1353 283 1384 que,
308 1354 414 1386 neque
439 1343 578 1375 fortuito
593 1343 626 1387 Ε)
651 1344 738 1376 inter
760 1356 793 1375 se
818 1343 927 1375 sinunt
954 1343 1035 1376 inire
1053 1343 1242 1382 certamina.
1267 1343 1325 1375 sed

211 1403 357 1444 diligenti
383 1404 639 1444 examinatione,
669 1415 771 1451 prout
794 1406 847 1437 vel
862 1406 892 1449 ⁷)
918 1417 1061 1449 corpora
1085 1404 1244 1444 viderint,
1275 1405 1327 1437 vel

209 1475 340 1504 aetates,
364 1465 558 1510 aequissima
583 1466 829 1511 comparatione
854 1467 1023 1512 jungentes
1047 1467 1144 1499 illum
1163 1467 1328 1504 cumino,

213 1527 303 1559 verbi
329 1528 440 1569 gratia,
464 1541 586 1573 pueros
611 1542 685 1561 cum
710 1528 833 1573 pueris,
858 1528 946 1561 viros
971 1542 1044 1560 cum
1072 1527 1160 1566 viris,
1186 1526 1241 1571 qui
1267 1526 1328 1559 sibi

215 1590 265 1621 vel
290 1590 371 1628 aevi,
398 1590 448 1621 vel
472 1590 603 1622 roboris
627 1590 874 1635 propinquitate
900 1589 1114 1622 conveniant:
1138 1588 1183 1621 ita
1207 1587 1330 1620 intelli-

215 1651 358 1692 gendum
384 1661 433 1684 est
457 1651 555 1684 etiam
581 1653 621 1684 de
640 1652 749 1685 divina
765 1651 986 1696 providentia,
1012 1651 1103 1695 quod
1121 1663 1246 1690 omnes,
1273 1650 1330 1694 qui

217 1712 248 1744 in
273 1712 332 1745 hos
356 1712 517 1745 humanae
545 1713 629 1745 vitae
654 1713 885 1746 descenderint
908 1725 1039 1755 agoneS,
1063 1711 1240 1758 justissima
1260 1725 1332 1744 mo-

217 1773 387 1807 deratione
412 1775 579 1819 dispenset
603 1776 782 1807 secundum
809 1774 969 1807 rationem
994 1772 1250 1818 uniuscujusque
1268 1772 1333 1805 vir-

312 1945 341 1987 1)
366 1945 422 1977 Sic
444 1945 525 1977 Μεε.
551 1944 642 1976 Alias
674 1945 720 1988 (v.
750 1957 776 1976 c.
808 1944 841 1976 in
867 1944 941 1976 edd.
966 1943 1031 1987 ῚΜ.)
1067 1942 1165 1983 „dato
1194 1954 1255 1985 per
1286 1941 1333 1973 in-

222 1990 472 2032 temperantiam
497 1989 599 2034 prius.
623 2002 754 2022 sensum
780 1993 917 2021 θοιᾞῐιιμ
944 1997 1007 2021 etc.
1033 1988 1060 2019 R

312 2045 346 2087 12)
370 2045 445 2079 Gal.
470 2046 509 2084 V,
536 2045 589 2079 17.

313 2102 346 2141 ³)
375 2102 422 2133 lta
439 2102 516 2134 Mss.
535 2102 572 2133 In
590 2100 685 2133 editis
703 2101 748 2145 (v.
764 2113 792 2134 c.
808 2101 882 2132 edd.
899 2100 962 2144 M.)
980 2100 1086 2131 deest:
1114 2100 1277 2139 „sumus.“
1296 2097 1336 2129 R.

315 2158 346 2201 11)
372 2157 454 2190 Edd.
481 2157 528 2190 Μ.
555 2157 796 2199 „ambulemus,
825 2166 857 2189 et
881 2169 955 2189 cum
981 2168 1048 2188 non
1072 2153 1268 2198 possimus.“

320 2216 349 2257 )
375 2213 384 2245 1
413 2212 491 2246 Cor.
515 2213 556 2252 X,
584 2213 635 2248 13.
769 2213 802 2255 ⁶)
827 2212 912 2244 Edd.
937 2212 983 2244 M.
1010 2209 1203 2252 „fortuitu.“

338 2272 351 2313 )
376 2265 477 2302 Deest
503 2269 596 2311 „vel“
624 2269 657 2300 in
683 2269 755 2300 edd.
781 2267 830 2300 Μ.
