1404 2463
177 138 243 173 454
654 140 832 173 OfflGEms

179 242 197 260 a
221 228 297 261 Deo
324 228 548 273 praecipitur,
574 230 632 262 sed
658 230 708 263 illi
732 229 797 262 soli
821 238 1057 269 numerantur,
1090 228 1145 274 qui
1173 229 1231 262 viri
1257 243 1315 275 ap-

179 291 366 334 pellantur,
391 303 459 335 quo
485 290 615 324 scilicet
639 293 874 324 ostenderetur
898 305 965 324 non
992 302 1044 324 eas
1067 303 1167 336 posse
1192 291 1314 324 extrin-

179 364 274 384 secus
306 352 492 394 numerari„
531 353 588 385 sed
620 349 747 393 inhia,
784 353 840 398 qui
865 353 924 385 viri
950 353 1183 397 appellantur,
1215 352 1315 385 etiam

182 427 233 446 eas
260 414 516 459 comprehendi.
565 415 749 460 Praecipue
766 416 797 459 ¹)
822 425 933 448 tamen
959 416 1000 447 ad
1024 421 1175 447 sanctum
1199 424 1318 448 nume-a

180 489 254 508 rum
281 476 419 509 veniunt
443 476 498 516 hi,
531 475 588 522 qui
613 477 719 521 parati
743 486 819 510 sunt
845 478 886 510 ad
914 476 1094 510 Israelitiea
1119 477 1209 509 bella
1233 486 1317 521 pro-

182 538 314 579 cedere,
341 538 396 582 qui
422 547 563 582 possunt
587 539 742 571 adversus
766 539 844 571 illos
871 540 982 571 hostes
1006 538 1228 582 inimicosque
1245 539 1317 571 bel-

182 600 267 639 lare,
301 612 385 644 quos
419 600 549 632 sedenti
574 613 592 633 a
617 600 739 633 dextris
765 601 831 633 suis
856 601 948 633 Filio
973 600 1108 645 subjicit
1131 598 1248 640 Pater,
1281 609 1318 633 ut

182 662 332 694 destruat
363 673 498 694 omnem
530 663 758 707 principatum
791 674 828 694 ac
854 672 1074 707 potestatem:
1113 671 1150 694 ut
1175 672 1236 707 per
1256 661 1319 694 hos

181 723 328 756 militum
360 735 499 756 suorum
532 737 712 764 numeros,
754 724 812 770 qui
843 724 920 756 Deo
961 724 1143 757 militantes
1183 736 1253 756 non
1283 736 1319 756 se

182 784 357 829 implicant
389 785 532 827 negotiis
566 786 810 825 saecularibus,
847 786 1027 818 adversarii
1061 796 1159 827 regna
1183 786 1321 817 subver-

184 855 249 888 tat3
275 859 292 878 a
318 847 439 890 quibus
465 855 555 879 scuta
582 847 661 879 fidei
687 847 977 886 circumferantur,
1003 856 1036 879 et
1053 846 1235 891 sapientiae
1252 846 1318 879 tela

184 908 374 947 vibrentur,
414 908 514 940 etiam
546 908 580 940 in
612 908 732 953 quibus
765 908 884 953 spei2)
911 917 943 940 et
967 908 1082 940 salutis
1105 905 1198 950 galea
1222 919 1321 940 coru⁴

185 978 274 1008 scet,
307 983 344 1001 ac
377 969 482 1002 lorica
517 970 675 1002 claritatis
691 969 724 1014 3)
750 971 826 1003 Deo
860 970 1000 1014 plenum
1031 970 1160 1002 muniat.
1189 979 1319 1014 pectus.

183 1031 282 1063 Tales
295 1031 328 1074 ⁴)
355 1032 492 1076 quidem
519 1031 601 1064 mihi
627 1031 784 1064 videntur
809 1032 933 1064 milites
958 1032 1111 1072 indicari,
1136 1041 1169 1064 et
1193 1032 1235 1064 ad
1260 1031 1320 1063 hn-

183 1093 368 1138 juscemodi
401 1093 490 1125 bella
523 1093 716 1138 praeparari
748 1093 801 1135 hi,
834 1093 891 1138 qui
923 1093 955 1126 in
993 1094 1114 1127 divinis
1141 1093 1235 1125 libris
1259 1104 1322 1137 per

183 1155 248 1187 Dei
283 1165 502 1199 praeceptum
536 1155 703 1187 numerari
730 1155 897 1201 jubentur,
945 1156 1077 1188 Horum
1105 1167 1186 1187 vero
1211 1143 1321 1186 multo

186 1217 348 1250 clariores
380 1217 669 1261 perfectioresque
702 1218 916 1259 designantur
948 1217 1017 1257 illi,
1050 1228 1199 1261 quorum
1220 1217 1321 1248 etiam

185 1278 299 1322 capilli
335 1278 455 1323 capitis
471 1279 503 1323 ⁵)
533 1278 699 1311 numerati
733 1291 803 1311 esse
837 1278 1003 1311 dicuntur.
1054 1278 1108 1312 llli
1132 1288 1228 1318 sane,
1264 1277 1321 1322 qui

185 1340 294 1384 puniti
326 1349 403 1373 sunt
433 1352 496 1384 pro
529 1340 696 1384 peccatis,
731 1353 876 1385 quorum
903 1352 1047 1385 corpora
1071 1338 1266 1373 ceciderunt
1288 1340 1322 1372 in

185 1403 330 1442 deserto,
356 1401 608 1434 similitudinem
637 1401 793 1435 videntur
818 1403 939 1434 habere
963 1413 1093 1442 eorum,
1126 1402 1182 1447 qui
1207 1402 1324 1447 profe·

281 1527 310 1568 Ι)
336 1526 479 1558 Sanctus
511 1525 738 1570 Hieronymus
780 1524 877 1569 epist.
910 1524 965 1559 94.
997 1526 1039 1557 ad
1072 1524 1207 1557 Avitum
1247 1536 1322 1569 pag.

190 1569 266 1605 767.
291 1571 380 1603 hunc
407 1572 520 1603 locum
546 1582 683 1614 carpere
709 1569 843 1602 videtur
860 1570 909 1602 his
930 1570 1055 1602 verbis:
1082 1569 1198 1610 „Dicit
1216 1571 1322 1613 (Ori—-

185 1617 302 1661 qenes)
328 1616 360 1648 in
388 1616 452 1648 fine
478 1615 630 1647 omnium
656 1628 781 1654 rerum,
808 1617 942 1659 quando
968 1616 1008 1647 ad
1028 1615 1208 1647 coelestem
1225 1616 1324 1647 Jeru-

186 1663 289 1694 salem
321 1660 486 1693 reversuri
518 1673 649 1699 sumuS,
683 1660 946 1692 adversariarum
980 1660 1218 1693 fortitudinum
1244 1670 1323 1692 con-

188 1717 237 1739 tra
273 1706 441 1751 populum
472 1705 540 1738 Dei
578 1705 668 1737 bella
706 1718 926 1747 consurgere,
965 1714 1001 1737 ut
1031 1718 1099 1738 non
1130 1705 1174 1737 sit
1204 1718 1322 1737 eorum

188 1753 294 1784 otiosa
320 1752 442 1790 virtus,
468 1752 526 1783 sed
554 1760 768 1782 exerceantur
793 1751 833 1783 ad
859 1751 1007 1795 proelia,
1031 1760 1064 1783 et
1088 1751 1230 1783 habeant
1254 1764 1323 1782 ma-

189 1798 304 1829 teriam
336 1796 488 1835 roboris,
520 1809 619 1841 quam
652 1795 768 1839 utique
800 1796 958 1840 consequi
985 1809 1052 1828 non
1078 1795 1225 1840 possint,
1259 1790 1322 1828 nisi

188 1844 292 1874 sortes
316 1843 463 1886 primum
488 1841 685 1874 adversariis
710 1841 907 1880 institerint,
940 1854 1025 1886 quos
1055 1841 1243 1873 rationem
1268 1853 1323 1873 or-

189 1888 264 1920 dine
291 1898 324 1919 et
347 1887 484 1919 solertia
508 1886 726 1930 repugnandi,
751 1886 784 1918 in
812 1886 899 1918 libro
920 1887 1147 1919 Numerorum
1172 1886 1249 1930 (X.)
1275 1887 1323 1918 le-

188 1934 294 1974 gimus
319 1946 387 1965 esse
413 1935 619 1976 superatos“
668 1933 793 1963 Verum
820 1933 900 1964 haec
926 1932 1056 1971 omnia,
1089 1944 1174 1975 quae
1198 1931 1323 1973 legerat

189 1978 221 2010 in
249 1977 381 2010 Graeco
408 1977 651 2024 Hieronymus,
685 1986 738 2008 aut
772 1976 995 2009 dissimulavit
1019 1977 1177 2017 Rufinus,
1207 1984 1263 2009 aut
1287 1977 1321 2008 in

189 2023 290 2055 alium
324 2035 455 2055 sensum
490 2022 641 2054 detorsit.
667 2022 707 2055 R.
737 2041 776 2047 —-
811 2023 880 2055 Cfr.
915 2024 967 2055 ed.
992 2023 1122 2066 Redep.
1147 2033 1220 2065 pag.
1243 2020 1320 2055 362.

192 2077 262 2100 not.
290 2067 341 2101 17.

284 2123 316 2164 2)
344 2124 449 2155 Deest
480 2124 514 2156 in
547 2123 646 2156 editis
678 2124 724 2167 (v.
750 2137 775 2156 c.
803 2124 880 2156 edd.
907 2123 993 2167 M),
1032 2123 1091 2155 sed
1122 2122 1263 2156 habetur
1285 2122 1319 2154 in

193 2169 270 2200 Mss.
297 2168 421 2216 „speif‘
449 2170 487 2201 R.
581 2170 615 2212 ³)
643 2169 730 2201 Edd.
759 2168 806 2201 M.
832 2168 1054 2209 „charitatis.“
1369 2166 1374 2170 ’

282 2225 314 2266 ¹¹)
340 2224 428 2257 Edd.
447 2225 493 2257 Μ.
514 2225 633 2266 „Tales
660 2224 741 2256 mihi
767 2224 923 2256 videntur
939 2223 1076 2268 quidam
1094 2222 1236 2256 milites“
1256 2232 1319 2255 etc.

284 2280 315 2322 ⁵)
344 2281 429 2312 Edd.
464 2281 510 2313 M.
546 2280 692 2324 „capitis
731 2281 897 2313 numerari
937 2279 1134 2313 dicuntur.“
1168 2297 1206 2303 —
1249 2279 1319 2312 Csr.

195 2325 315 2359 Manli.
342 2325 385 2365 X,
409 2325 463 2360 30.
