1404 2463
158 92 203 127 86
642 94 817 126 Omenms

162 182 228 214 tiae
253 195 289 215 ac
312 183 469 218 scientiae
493 185 647 227 gratiam,
680 194 717 215 ut
752 182 900 227 depulsis
926 181 1098 220 omnibus,
1133 193 1293 225 expurga-

164 243 271 288 tisque
296 246 495 289 pollutionis
520 256 620 290 atque
645 244 851 287 ignorantiae
876 243 1033 282 maculis,
1057 251 1186 274 tantum
1211 255 1291 287 pro-

164 305 290 338 fectum
314 307 509 340 sinceritatis
533 321 570 339 ac
594 306 747 350 puritatis
764 307 793 350 ¹)
826 305 986 349 accipiat,
1021 314 1059 337 ut
1083 305 1166 344 hoc,
1200 305 1293 349 quod

165 367 295 411 accepit
317 381 335 400 a
359 369 436 401 Deo
463 378 498 400 ut
526 378 625 407 esset,
662 367 728 400 tale
764 367 807 399 sit
839 367 936 411 quale
969 367 1045 399 Deo
1071 366 1208 408 dignum
1233 375 1293 405 est,

166 441 206 460 eo
232 429 290 473 qui
313 439 348 462 ut
374 439 459 462 esset
481 430 610 475 pure2)
644 429 762 473 utique
792 428 959 473 praestitit
990 441 1028 460 ac
1056 428 1223 473 perfecte:
1255 436 1295 460 ut

165 499 234 522 tam
259 491 394 533 dignum
419 492 461 524 sit
485 492 538 531 id,
569 493 660 536 quod
686 501 752 530 est,
783 504 882 535 quam
908 500 957 523 est
980 490 1059 530 ille,
1083 489 1140 534 qui
1163 490 1199 522 id
1224 501 1293 522 esse

165 552 256 585 fecit.
306 551 397 598 lta³)
429 567 572 598 namque
608 563 641 586 et
672 553 832 585 virtutem
863 566 997 597 semper
1009 552 1042 597 Δ)
1075 550 1164 592 esse,
1193 560 1294 596 'atque

165 613 199 645 in
224 623 396 647 aeternum
413 628 547 648 manere
564 615 730 659 percipiet
754 628 769 647 a
788 616 864 647 Deo
889 615 927 654 is,
952 614 1007 659 qui
1033 614 1107 646 talis
1132 623 1191 654 est,
1217 626 1296 657 qua-

168 675 235 707 lem
261 689 336 708 eum
363 690 433 710 esse
457 677 566 709 voluit
594 677 662 716 ille,
689 677 744 722 qui
769 676 860 709 fecit.
909 675 1013 719 Quod
1037 684 1075 708 ut
1098 675 1238 716 accidat,
1263 683 1297 707 et

166 746 203 769 ut
232 737 460 772 indesinenter
494 748 592 783 atque
624 737 893 782 inseparabiliter
922 738 1030 770 adsint
1061 737 1110 777 ei,
1147 736 1205 782 qui
1237 745 1296 777 est,

168 811 206 831 ea
230 812 313 844 quae
337 802 378 833 ab
402 801 475 845 ipso
500 801 587 833 facta
604 810 690 839 sunt,
714 800 896 844 sapientiae
913 800 947 832 id
970 813 1055 844 opus
1069 809 1119 833 est
1134 799 1297 832 instruere

168 870 266 905 atque
293 862 425 894 erudire
451 875 498 901 ea,
524 872 557 894 et
580 862 622 894 ad
646 861 889 906 perfectionem
914 863 1100 906 perducere
1127 873 1166 893 ex
1191 859 1315 904 Spiri—·

168 930 219 954 tus
244 923 346 955 sancti
372 924 644 964 confirmatione,
677 934 776 969 atque
799 923 1000 956 indesinenti
1024 922 1298 962 sanctificatione,

168 997 229 1027 per
252 998 351 1029 quam
376 986 487 1018 solum
512 987 625 1019 Deum
651 998 770 1029 capere
793 994 943 1029 possunt.
999 985 1049 1017 Ita
1073 997 1152 1026 ergo
1176 983 1300 1017 indesi-

168 1046 258 1078 nenti
275 1048 306 1089 5)
333 1061 406 1090 erga
431 1061 491 1080 nos
517 1061 618 1092 opere
633 1047 665 1091 t³)
691 1046 810 1085 Patris,
837 1056 870 1079 et
894 1046 987 1085 Filii,
1012 1056 1043 1078 et
1067 1046 1210 1090 Spiritus
1227 1059 1300 1078 san-

169 1107 212 1140 cti
235 1121 296 1152 per
319 1109 466 1151 singulos
492 1123 642 1154 quosque
667 1111 882 1154 profectuum
906 1108 1024 1150 gradus
1055 1106 1298 1151 instaurat0‚⁷)

172 1169 271 1215 vixss)
308 1170 336 1203 si
371 1172 459 1204 forte
495 1171 676 1216 aliquando
717 1170 839 1204 intueri
871 1182 1050 1215 possumus
1084 1178 1230 1202 sanctam
1261 1182 1299 1201 ac

169 1231 300 1264 beatam
324 1232 445 1274 vitam;
476 1233 509 1265 in
541 1246 604 1278 qua
635 1247 710 1266 cum
741 1242 820 1277 post
848 1245 970 1274 agones
1000 1232 1127 1264 multos
1158 1231 1193 1263 in
1226 1243 1298 1263 eam

169 1294 339 1337 perveniri
362 1294 529 1338 potuerit,
561 1294 606 1326 ita
636 1295 818 1338 perdurare
852 1294 1032 1334 debemus,
1062 1302 1100 1325 ut
1124 1292 1301 1325 nulla'un-

175 1368 274 1399 quam
287 1356 319 1400 ⁹)
346 1370 406 1388 nos
431 1356 513 1388 boni
539 1356 628 1388 illius
653 1355 786 1387 satietas
810 1355 935 1399 capiat:
961 1356 1018 1387 sed
1044 1364 1171 1399 quanto
1198 1354 1300 1396 magis

267 1474 299 1517 ¹)
324 1474 372 1506 Ita
398 1473 478 1507 Mss.
503 1472 593 1505 Alias
619 1472 665 1516 (v.
693 1485 719 1504 c.
743 1472 778 1504 in
803 1472 878 1503 edd.
905 1472 970 1513 M.)
997 1471 1183 1516 „pietatis.“
1210 1472 1250 1503 R.

264 1531 300 1573 ²)
325 1530 380 1564 Sic
406 1530 484 1562 Mss.
513 1528 602 1560 Alias
629 1529 675 1571 (v.
702 1542 729 1561 c.
754 1528 788 1560 in
814 1528 890 1561 edd.
908 1527 974 1572 M.)
1000 1540 1105 1572 „pure
1129 1527 1302 1572 praestite-

172 1576 245 1616 rit,“
273 1575 396 1608 omisso
422 1588 494 1606 voe.
522 1573 689 1618 „utique.“
716 1574 756 1605 R.

265 1632 298 1676 ³)
324 1631 416 1664 Libri
441 1630 521 1662 editi
548 1630 594 1671 (v.
622 1643 648 1662 e.
675 1629 751 1661 edd.
777 1628 844 1673 M.)
882 1629 950 1669 „lta
975 1641 1118 1672 namque
1145 1637 1176 1659 ct
1202 1627 1304 1659 virtu-

172 1687 241 1709 tem
267 1690 399 1721 semper
423 1686 524 1720 atque
550 1675 582 1706 in
608 1684 779 1706 aeternum
804 1687 939 1706 manere
966 1674 1156 1717 perciperet
1179 1685 1196 1704 a
1215 1673 1303 1711 Deo,

175 1723 232 1767 qui
256 1723 330 1755 talis
355 1731 413 1758 est,
439 1719 570 1765 qualem
598 1733 665 1752 esse
692 1720 799 1751 voluit
823 1720 892 1760 ille,
918 1720 974 1763 qui
1000 1719 1089 1751 fecit.
1139 1718 1242 1761 Quod
1267 1727 1304 1750 ut

173 1768 317 1808 accidat,
349 1776 448 1811 atque
479 1764 722 1803 indesinenter,
759 1773 857 1808 atque
891 1763 1157 1808 inseparabiliter
1184 1763 1304 1802 adsint,

175 1823 207 1846 et
235 1814 291 1857 qui
317 1821 375 1852 est,
398 1821 431 1843 et
456 1823 502 1850 ea,
530 1823 613 1854 quae
638 1810 678 1842 ab
703 1809 776 1853 ipso
802 1811 889 1842 facta
913 1819 999 1848 sunt,
1023 1821 1140 1853 sapere
1158 1807 1192 1840 id
1217 1820 1303 1852 opus

174 1868 223 1891 est
245 1859 426 1895 instruere,
457 1865 557 1899 atque
590 1855 720 1887 erudire
747 1868 803 1895 ea,
835 1864 867 1887 et
898 1856 960 1886 ,πμ
987 1863 1048 1887 etc.
1095 1855 1140 1886 At
1164 1853 1244 1887 Mss.
1267 1862 1304 1885 ut

173 1904 207 1936 in
232 1912 346 1936 nostro
371 1911 473 1934 textu.
497 1901 538 1933 R.

266 1958 298 2001 ⁴)
326 1957 395 1989 Cfr.
422 1957 474 1990 ed.
499 1957 630 2000 Redep.
658 1957 710 1988 ed.
737 1954 809 1989 132.
836 1964 907 1987 not.
933 1954 985 1990 10.

269 2016 302 2059 ⁵)
327 2014 389 2046 Ed.
416 2014 465 2046 M.
492 2013 514 2044 l.
543 2011 853 2053 „indesinenfiamf‘

269 2071 304 2114 ⁶)
328 2069 385 2103 Sic
408 2069 489 2101 Mss.
515 2068 604 2101 Alias
627 2069 674 2112 (V.
700 2082 727 2101 c.
751 2067 784 2099 in
809 2068 884 2101 edd.
910 2067 974 2111 M.)
1003 2069 1157 2111 „opert-tf*
1183 2066 1223 2100 R.

267 2126 300 2169 ⁷)
324 2124 415 2157 Libri
453 2124 533 2167 editi
563 2126 609 2167 (v.
636 2138 662 2156 c.
689 2124 763 2156 edd.
790 2124 853 2166 M.)
889 2133 965 2166 post
999 2122 1222 2163 „instaurato“
1249 2122 1307 2154 ad-

178 2173 280 2205 dunt:
308 2172 478 2212 „corde:“
507 2172 597 2213 quod
622 2171 713 2202 abest
738 2170 776 2200 ab
804 2170 958 2201 omnibus
983 2169 1064 2204 RIss,
1088 2169 1127 2200 R.

270 2228 304 2271 ¹⁵)
329 2227 416 2259 Edd.
442 2226 489 2258 M.
516 2225 589 2266 „vix
614 2226 735 2258 sorte.“

268 2286 305 2329 ⁰)
331 2285 381 2316 Ita
406 2282 486 2315 Mss.
513 2281 604 2313 Alias
629 2281 675 2323 (v.
704 2295 728 2313 c.
755 2282 787 2313 in
814 2282 888 2314 edd.
915 2281 982 2324 M.)
1010 2281 1176 2325 „utique.“
1205 2281 1242 2312 R.
