1404 2463
180 142 247 177 516
677 144 856 177 Onmms

184 231 224 265 τὸ
254 228 363 277 ῥητὸν
387 234 576 278 τηρητέον·
621 231 896 275 »νουθετεῖτε’)
920 228 1003 269 τοὺς
1026 229 1225 275 ἀτάκτους,
1250 243 1329 265 πα-

185 295 413 338 ραμυθεῖσθε
451 292 536 332 τοὺς
568 292 835 340 ὀλιγοψύχους·
874 291 1071 337 ἀντέχεσθε
1107 294 1181 327 τῶν
1212 291 1329 328 ἀσθε-

186 352 414 398 νούντων,2)
438 359 712 401 μακροθυμεῖτε
742 353 835 401 πρὸς
858 352 1042 394 πάντας·«
1079 357 1111 390 εἰ
1141 356 1204 389 καὶ
1225 352 1328 401 παρὰ

186 418 260 454 τοῖς
300 417 591 461 φιλοτιμοτέροις
631 416 785 452 δύναται
826 414 952 456 σώζειν
995 415 1151 450 ἕκαστον
1193 414 1328 459 αὐτῶν,

185 476 277 522 μετὰ
311 479 374 512 τοῦ
405 474 456 521 μὴ
490 477 703 513 ἀθετεῖσθαι
733 477 800 521 τὴν
830 475 921 511 κατά
955 475 995 512 τὸ
1028 474 1138 524 ῥητὸν
1165 475 1328 521 ἐντολὴν,

184 535 282 581 βάθη
319 540 408 573 θεοῦ
449 543 594 585 σοᾳίας.
639 539 677 575 Ὁ
707 542 833 583 μέντοι
868 551 910 584 γε
943 536 1094 585 ἀκριβὴς
1127 537 1191 572 ἐπί
1219 550 1331 573 τινων

185 597 544 644 περιελκυσθήσεται,
565 603 680 645 χωρὶς
703 602 841 643 πολλῆς
864 598 1030 644 βασάνου
1053 598 1104 645 μὴ
1125 598 1331 644 δυνάμενος

185 658 477 709 άποᾳῄνασθαι,
518 661 677 708 πότερον
707 661 772 706 ἥδε
805 661 824 705 ἦ
854 664 1073 708 νομιζομένη
1098 662 1241 705 ἱστορία
1264 661 1330 706 γέ-

186 734 273 766 γονε
307 721 398 756 κατὰ
431 721 497 766 τὴν
521 725 626 764 λέξιν,
652 721 673 766 ἢ
701 720 758 758 οὔ·
801 726 862 758 καὶ
887 725 997 766 τῆσδε
1022 725 1083 764 τῆς
1108 724 1331 767 νομοθεσίας

186 782 225 818 τὸ
259 782 369 830 ῥητὸν
399 786 588 829 τηρητέον,
625 784 644 826 ἢ
671 781 724 818 οὔ.
773 784 847 819 Διά
873 787 980 819 τοῦτο
1006 786 1066 820 δεῖ
1086 783 1244 829 ἀκριβῶς
1266 783 1332 817 τὸν

187 843 471 889 ἐντυγχάνοντα,
498 847 677 889 τηροῦντα
702 844 742 879 τὸ
767 848 832 880 τοῦ
859 848 1019 889 σωτῆρος
1042 844 1265 891 πρόσταγμα
1288 843 1329 879 τὸ

186 908 316 950 λέγον·
344 906 582 951 >ιέρευνᾶτε3)
607 905 670 944 τὰς
694 905 887 952 γραφάς·«
915 907 1094 951 ἐπιμελῶς
1110 908 1329 950 βασανίζειν,

183 969 235 1010 πῆ
261 965 300 1001 τό
326 965 417 1002 κατά
442 966 508 1010 τὴν
532 969 629 1007 λέξιν
653 967 785 1010 ἀληθές
809 968 931 1013 ἐστιν,
969 970 1031 1002 καὶ
1055 969 1106 1011 πῆ
1132 966 1329 1011 ἀδύνατον,

185 1030 248 1062 καὶ
284 1027 349 1072 ὅση
382 1027 556 1073 δύναμις,
592 1028 789 1074 ἐξιχνεύειν
818 1028 896 1064 α’πὸ
929 1031 1002 1064 τῶν
1027 1027 1168 1074 ὁμοίων
1191 1032 1332 1075 φωνῶν

183 1089 248 1124 τὸν
271 1092 462 1135 πανταχοῦ
488 1090 762 1138 διεσπαρμένον
786 1092 848 1133 τῆς
871 1092 1018 1138 γραφῆς
1045 1091 1136 1126 νοῦν
1156 1092 1220 1125 τοῦ
1237 1089 1328 1125 κατὰ

183 1150 251 1194 τὴν
275 1154 372 1191 λέξιν
398 1151 594 1187 ἀδυνάτου.

280 1213 335 1248 20.
380 1213 483 1249 Ἐπεὶ
514 1218 658 1260 τοίνυν,
693 1214 740 1254 ὡς
775 1213 891 1260 σαφὲς
921 1214 1020 1248 ἔσται
1052 1217 1127 1252 τοῖς
1151 1212 1332 1259 ἐντυγχά-

186 1286 333 1319 νουσιν,
366 1275 544 1316 άδύνατος
567 1277 637 1320 μὲν
663 1276 681 1312 ὃ
707 1275 756 1316 ὠς
778 1275 871 1321 πρὸς
895 1274 934 1309 τὸ
960 1273 1069 1323 ῥητὸν
1094 1273 1236 1320 εἱρμὸς,
1262 1273 1331 1309 οὐκ

185 1335 369 1376 ἀδύνατος
402 1338 461 1381 δὲ,
480 1327 584 1372 Αἀλλὰ
610 1339 673 1373 καὶ
698 1337 838 1382 ἀληθὴς
863 1335 881 1372 ὀ
907 1333 1204 1381 προηγούμενος·
1243 1333 1331 1370 ὅλον

184 1395 249 1432 τὸν
287 1399 378 1432 νοῦν
416 1399 722 1444 φιλοτιμητέον4)
757 1398 1072 1443 καταλαμβάνειν,
1115 1400 1330 1444 συνείροντα

183 1457 247 1493 τὸν
278 1461 363 1505 περὶ
376 1460 409 1504 ⁶)
441 1462 514 1495 τιῖν
544 1460 634 1495 κατὰ
669 1459 734 1504 τὴν
759 1463 855 1500 λέξιν
880 1458 1076 1494 ἀδυνάτων
1099 1457 1214 1504 λόγον
1238 1470 1328 1501 νοη-

184 1521 253 1559 τῶς
285 1524 358 1559 τοῖς
391 1521 432 1555 οὐ
465 1520 585 1565 μόνον
619 1521 685 1556 οὐκ
717 1518 932 1563 ἀδυνάτοις,
974 1518 1064 1554 ἀλλὰ
1089 1522 1151 1554 καὶ
1176 1519 1328 1563 ἀληθέσι

183 1580 275 1615 κατὰ
303 1581 369 1626 τὴν
393 1584 578 1628 ἱστοριάν,
605 1585 1007 1628 συναλληγορουμένοις
1031 1585 1126 1626 τοῖς,
1153 1579 1243 1616 ὅσον
1266 1582 1330 1616 ἐπὶ

185 1645 225 1691 τῇ
250 1645 352 1688 λέξει,
377 1644 428 1689 μὴ
454 1648 725 1690 γεγενημένοις.
766 1646 995 1688 Λιακείμεῧα
1020 1641 1093 1689 γάρ
1117 1641 1221 1686 ἡμεῖς
1244 1646 1328 1689 περὶ

185 1702 304 1747 πάσης
328 1707 388 1748 τῆς
411 1710 514 1745 θείας
538 1708 703 1752 γραφῆς,
746 1703 800 1740 ὅτι
823 1707 928 1739 πᾶσα
953 1705 1025 1749 μὲν
1049 1705 1122 1749 ἔχει
1146 1703 1186 1738 τὸ
1211 1717 1327 1740 πνευ-

184 1765 361 1810 ματικὸν,
408 1767 450 1802 οὐ
482 1770 585 1802 πᾶσα
615 1768 655 1802 δὲ
686 1766 725 1802 τὸ
762 1765 990 1812 σωματικόν·
1034 1768 1222 1811 πολλαχοῦ
1252 1765 1328 1812 γὰρ

185 1827 367 1871 ἐλέγχεται
407 1827 592 1865 ἀδύνατον
631 1826 675 1864 ὂν
707 1828 808 1873 (182)
839 1827 879 1863 τὸ
917 1825 1138 1872 σωματικόν.
1184 1827 1326 1874 Διόπερ

280 1963 312 2006 ¹)
339 1962 409 1995 Csr.
436 1964 448 1995 Ι
476 1964 592 1996 Thess.
618 1965 658 2004 V,
685 1964 740 1998 14.

276 2018 310 2061 ²)
336 2018 469 2051 Primus
493 2019 580 2052 Cod.
606 2020 688 2061 Reg.
716 2018 897 2054 ἀσθενῶν.
923 2020 963 2052 R.

277 2074 310 2116 ³)
334 2074 396 2108 Ev,
421 2076 543 2107 Joann.
574 2076 614 2115 V,
637 2075 691 2110 39.

222 2170 228 2178 Ι
279 2127 313 2171 ⁴)
338 2129 406 2162 Sic.
434 2130 514 2163 Mss.
543 2131 657 2164 Tarin.
691 2141 770 2164 vcro
802 2131 934 2175 (itemq.
960 2129 1102 2174 Spenc.)
1128 2130 1324 2177 φιλοτιμη-

183 2184 353 2214 σαμενος.
379 2175 420 2207 R.

276 2228 309 2271 ⁵)
335 2228 446 2262 Tarin.
473 2230 606 2275 (itemq.
633 2232 773 2276 Spenc.)
806 2233 890 2277 περὶ
921 2230 986 2274 τὴν
1017 2228 1108 2264 κατὰ
1141 2228 1206 2269 τὴν
1228 2230 1325 2266 λέξιν

185 2272 378 2306 ἀδυνάτων
405 2273 525 2318 λόγων
552 2280 686 2317 νοηιῶς
710 2282 783 2315 τοῖς
799 2279 841 2311 οὑ
858 2274 978 2319 μόνον
997 2273 1202 2318 ἀδυνάτοις,
1228 2272 1320 2307 άλλιέ

183 2322 260 2352 mla
308 2319 377 2351 Sed
403 2319 489 2352 Cod.
516 2320 713 2354 coislinian.
741 2331 778 2354 ut
802 2322 836 2354 in
861 2330 979 2354 nostro
1003 2327 1106 2353 textu.
1131 2318 1171 2351 R.
