1404 2463
395 117 440 138 m:
467 107 658 139 Pfflxvcwns
684 105 795 137 Luffia
822 105 859 138 11,
1132 104 1196 139 153

73 208 150 238 ergo
188 195 311 239 haec')
349 195 470 228 habere
508 193 777 238 consequentiam
818 194 990 234 videntur,
1027 195 1194 239 reliquum

73 267 140 296 est,
178 267 214 289 ut
246 267 346 289 status
378 266 491 289 noster
519 256 699 300 aliquando
726 256 943 300 incorporeus
968 255 1098 288 futurus
1125 269 1194 288 esse

73 319 241 351 credatur:
267 319 358 363 quod
383 318 409 350 si
433 317 610 362 recipitur,
644 326 675 349 et
700 330 814 349 omnes
839 316 1037 361 subjiciendi
1060 317 1193 350 Christo

74 393 142 412 esse
168 379 340 419 dicuntur,
371 392 502 412 necesse
535 389 583 411 est
614 380 694 423 ut2)
723 379 877 411 omnibus
910 388 942 411 et
975 380 1039 411 hoc
1065 379 1195 411 desera-

72 450 144 481 tur,
168 441 201 473 in
227 454 308 486 quos
332 441 485 485 pervenit
509 440 671 484 subiectio
700 440 838 481 Christi;
863 439 984 484 quia-³)
1003 453 1118 472 omnes
1137 440 1193 484 qui

73 502 213 548 subjecti
244 511 319 535 sunt
349 501 498 542 Christo,
538 501 571 534 in
603 501 667 533 {ine
683 502 714 545 ⁸)
750 515 883 546 quoque
920 500 1060 546 subjecti
1099 511 1195 533 eruut

71 564 147 596 Deo
172 563 275 608 patri,
301 563 352 596 cui
378 576 515 605 regnum
540 563 736 595 traditursus
762 563 884 595 dicitur
902 562 1068 602 Christus,
1094 573 1126 595 et
1150 562 1194 595 ita

72 623 220 664 videtur,
256 634 291 656 ut
320 634 399 656 tunc
425 625 523 658 etiam
550 638 626 657 usus
652 638 832 669 corporum
860 634 974 657 cesset.
1023 624 1058 657 Si
1083 634 1194 657 autem

72 695 191 725 cessat,
217 685 249 718 in
274 686 415 718 nibilum
441 686 544 726 redit,
569 686 654 718 sicut
678 696 711 718 et
735 696 809 719 ante
834 700 900 719 non
927 695 1004 720 erat.

160 749 227 781 Sed
253 748 422 780 videamus
449 748 528 792 quid
554 748 592 780 iis
618 758 788 789 occurrat,
816 749 871 793 qni
892 748 956 780 hoc
974 748 1017 780 ita
1035 758 1195 782 asserunt.

73 808 251 841 Videbitur
274 809 363 841 enim
388 822 457 841 esse
481 809 718 849 necessarium,
742 819 779 841 ut
802 810 829 842 si
856 810 1069 842 exterminata
1094 809 1196 842 suerit

70 879 186 902 natura
211 883 385 914 corporea,
409 872 556 903 secundo
582 871 702 903 iterum
729 873 909 915 reparanda
929 871 969 903 sit
987 881 1020 903 et
1037 872 1194 903 creanda:

71 931 277 976 possibile⁵)
303 933 391 964 enim
420 933 568 973 videtur,
594 943 630 964 ut
655 933 867 965 rationabiles
892 942 1046 973 naturae,
1077 946 1093 965 a
1121 933 1196 978 qui-

70 994 132 1025 bus
157 1006 327 1037 nunquam
352 995 499 1026 aufertur
525 993 620 1026 tiberi
648 995 784 1027 facultas
810 994 953 1034 arbitrii,
979 994 1107 1039 possint
1134 995 1195 1027 ite-

71 1068 144 1086 rum
178 1054 344 1099 aliquibus
377 1055 523 1087 motibus
548 1055 738 1100 subjacere,
777 1056 968 1098 indulgente
996 1057 1059 1088 boc
1084 1056 1195 1100 ipsum

72 1115 242 1155 Domino,
268 1130 309 1148 ne
334 1117 441 1155 sorte,
465 1117 491 1149 si
517 1117 725 1149 immobilem
750 1131 882 1161 semper
906 1127 1039 1149 teneant
1062 1127 1193 1157 statum,

72 1176 224 1217 ignorent
256 1190 289 1209 se
314 1177 378 1209 Dei
412 1177 512 1219 gratia
526 1179 558 1222 ⁶)
592 1188 625 1210 et
656 1191 723 1210 non
755 1192 811 1210 sua
837 1178 959 1211 virtute
985 1179 1016 1211 in
1042 1179 1102 1210 illo
1128 1179 1193 1211 fine

71 1237 286 1270 beatitudinis
323 1238 523 1271 constitisse:
563 1252 645 1283 quos
679 1249 787 1272 motus
822 1239 890 1271 sine
927 1241 1031 1272 dubio
1063 1254 1193 1273 rursum

73 1298 209 1330 varietas
247 1312 427 1344 corporum
465 1309 497 1332 et
532 1300 703 1333 diversitas
737 1302 1022 1345 prosequetur,⁷)
1061 1316 1097 1334 ex
1130 1315 1193 1347 qua

71 1361 214 1392 mundus
244 1373 376 1404 semper
405 1362 604 1401 adornatur,
636 1376 696 1395 nec
727 1376 873 1407 unquam
899 1364 1025 1407 poterit
1049 1366 1193 1396 mundus

69 1421 132 1454 nisi
165 1434 201 1454 ex
214 1422 247 1465 ⁸)
279 1421 435 1454 varietate
466 1435 502 1455 ac
534 1423 723 1456 diversitate
766 1435 934 1457 constan-e:
977 1426 1066 1469 quod
1104 1424 1193 1457 effici

69 1483 166 1518 nullo
191 1496 311 1525 genere
334 1485 492 1529 potest9)
520 1494 609 1517 extra
633 1485 804 1518 materiam
831 1488 1051 1531 corporalem,

164 1672 195 1715 ¹)
221 1672 306 1705 Edd.
332 1671 377 1704 M.
405 1671 490 1712 „hoc
514 1691 554 1696 ——-
580 1671 853 1715 consequentiam
879 1672 1041 1706 videtur.“

161 1729 195 1771 ²)
226 1729 306 1761 Edd.
334 1729 379 1761 M.
406 1737 462 1768 „ut
486 1727 518 1759 in
545 1727 720 1760 omnibus“
748 1737 809 1761 etc.

164 1783 198 1826 ³)
221 1784 284 1817 Ed.
309 1786 356 1818 M.
382 1785 425 1816 ΙΙ.
454 1785 600 1828 „quod-‘⁴

164 1839 197 1882 ι)
222 1840 308 1873 Edd.
334 1839 381 1873 Μ.
409 1840 562 1882 „finem.“
791 1855 793 1857 ’

165 1898 198 1940 ⁵)
222 1896 309 1928 Vide
334 1896 566 1937 Origenimor.
592 1897 648 1929 lib.
674 1895 715 1931 H.
739 1904 861 1939 quaest.
879 1895 933 1929 Vl.
958 1910 1047 1929 num.
1069 1897 1118 1930 1‘2.
1141 1898 1190 1933 13.

71 1964 105 1987 et
129 1962 254 1998 quaest.
281 1953 354 1985 Vll.
379 1965 469 1984 num.
497 1952 548 1987 12,

164 2010 197 2053 ⁶)
224 2009 328 2040 Deest
352 2007 386 2039 in
411 2018 505 2040 antea
532 2009 628 2042 editis
653 2009 698 2053 (v.
724 2021 750 2040 c.
775 2009 850 2040 edd.
870 2008 945 2051 M.),
970 2009 1026 2040 sed
1053 2009 1192 2042 habetur

72 2066 104 2098 in
130 2064 284 2098 omnibus
309 2064 387 2095 Mss.
414 2064 570 2105 „gratia.“
597 2066 636 2098 R.

166 2122 198 2163 7)
225 2120 280 2152 Sic
299 2120 375 2151 Mss.
390 2119 478 2151 Libri
495 2120 574 2152 editi
591 2123 638 2163 (v,
656 2134 682 2153 e.
696 2121 769 2153 edd.
787 2121 854 2163 M.)
871 2121 1135 2165 „persequitur.“
1152 2122 1191 2154 R.

162 2176 196 2220 s)
222 2176 323 2207 Deest
351 2180 430 2222 „ex‘f
457 2175 489 2207 in
515 2177 588 2208 edd.
616 2178 661 2209 M.

166 2232 199 2275 ⁹)
226 2233 273 2265 Ita
298 2232 376 2264 Mss.
410 2232 501 2265 Libri
532 2233 613 2265 editi
638 2235 681 2278 (v.
708 2246 734 2266 c.
760 2233 824 2265 cdd
860 2233 925 2278 M.)
956 2233 1059 2266 male:
1094 2247 1192 2278 „pos-

73 2291 179 2320 sunt.“
206 2287 246 2319 R.
