1404 2463
403 138 448 160 nn
473 135 658 160 PmNclPHS
682 125 793 158 Lmen
819 126 843 157 Ι.
1145 122 1186 156 19

61 220 181 259 Adam,
206 219 303 257 Abel,
327 218 420 257 Seth,
443 217 544 255 Enos,
569 214 699 253 Enoch,
724 214 808 252 Noe,
839 213 975 256 Sem,¹)
1005 213 1183 250 Abraham,

60 280 158 320 Isaac,
180 281 305 319 Jacob,
331 278 509 311 duodecim
535 275 819 314 patriarcharum,
849 273 956 307 Mosis
981 282 1013 305 et
1036 273 1184 317 prophe-

58 352 184 374 tarum:
218 351 250 373 et
274 341 364 386 quod
386 339 440 371 hic
464 339 557 371 Dens
581 337 614 369 in
638 335 828 369 novissimis
853 335 982 374 diebus,
1017 334 1101 367 sicut
1125 347 1185 379 per

60 404 243 447 prophetas
264 415 342 435 suos
365 410 440 433 ante
466 399 541 444 (48)
566 398 778 444 promiserat,
801 396 891 429 misit
913 395 1100 429 Dominum
1125 409 1187 429 no-

60 463 212 506 strum²)
235 465 347 496 Jesum
375 461 556 501 Christum,
580 460 692 505 primo
707 458 843 504 quidem
865 467 1061 490 vocaturum
1075 457 1187 497 lsrael,

60 526 208 558 secundo
241 537 319 557 vero
353 523 453 556 etiam
486 532 598 564 gentes
629 530 707 566 post
730 520 905 565 perfidiam
929 519 1050 564 populi
1075 519 1188 553 lsrael.

60 586 125 619 Hie
149 587 240 619 Deus
264 586 369 618 iustus
395 594 427 617 et
450 586 570 625 bonus,
594 592 691 628 pater
703 582 846 615 Domini
869 580 976 614 nostri
999 581 1079 613 Jesu
1091 580 1188 614 Chri-

60 648 119 687 sti,
152 648 258 689 legem
284 657 318 679 et
341 641 523 692 prophetas
560 655 593 678 et
616 643 796 686 Evangelia
828 643 899 688 ipse
930 641 1041 682 dedit,
1074 641 1132 686 qui
1156 651 1190 674 et

60 709 292 754 apostolorum
331 709 424 740 Deus
461 716 529 746 est,
569 716 603 739 et
638 705 758 739 veteris
790 714 823 737 et
862 704 943 737 novi
973 703 1190 738 Testamenti.

61 771 149 803 Tum
174 770 295 803 deinde
321 770 396 816 quia
409 769 442 813 ³)
468 769 565 801 Jesus
589 767 738 802 Christus
761 767 835 812 ipse
847 766 881 812 ⁴²)
907 766 965 811 qui
989 765 1090 806 venit,
1113 774 1188 799 ante

61 843 196 863 omnem
232 841 416 885 creaturam
452 839 546 863 natus
578 844 616 862 ex
646 830 747 862 Patre
780 837 838 861 est.
906 827 1022 871 Qui⁵)
1056 840 1131 860 cum
1156 828 1188 861 in

61 893 211 924 omnium
224 893 257 937 6)
282 891 476 925 conditione
509 891 601 924 Patri
633 890 867 923 ministrasset:
900 888 1026 935 »per-⁷)
1058 889 1189 934 ipsum«

62 953 149 986 enim
177 953 309 986 »omnia
334 955 420 986 facta
445 962 565 986 sumt«
593 951 783 985 novissimis
799 951 1012 996 temporibus
1025 963 1060 984 se
1079 951 1190 996 ipsum

63 1015 308 1059 exinaniens,⁸)
333 1015 436 1048 homo
462 1016 568 1048 factus
592 1015 778 1047 incarnatus
804 1023 855 1045 est
880 1026 955 1045 cum
977 1013 1071 1046 Deus
1096 1021 1191 1054 esset,

64 1085 97 1109 et
120 1077 222 1109 homo
255 1078 360 1110 factus
391 1077 512 1109 mansit
541 1076 633 1120 quod
665 1084 734 1108 erat
760 1076 863 1108 Deus.
911 1074 1043 1120 Corpus
1067 1088 1193 1108 assum·

161 1222 192 1266 ¹)
219 1221 321 1253 Deest
349 1222 467 1254 »Sem«
495 1222 528 1253 in
554 1221 604 1253 ed.
630 1220 880 1265 Redepenning.

156 1280 191 1322 2)
216 1277 436 1310 Desideratus
480 1285 669 1308 »nostrum«
704 1276 792 1320 apud
823 1276 977 1316 Januar.‚
1017 1275 1130 1321 itemq.
1163 1276 1195 1308 in

70 1324 122 1356 ed.
147 1323 195 1356 M.
221 1325 245 1355 l.
365 1322 397 1365 ³)
423 1321 485 1354 Ed.
511 1322 560 1354 M.
587 1321 627 1353 ll.
655 1321 799 1365 »quod.«‹

159 1379 193 1422 ⁴)
218 1379 322 1410 Deest
349 1376 460 1421 »ipse«
486 1377 576 1421 apud
600 1377 732 1409 Januar.

162 1435 195 1477 ⁵)
220 1435 297 1466 Non
329 1433 450 1465 desunt
480 1432 633 1476 exempla
671 1431 901 1472 locutionum,
937 1433 1058 1477 quihus
1089 1433 1197 1467 Filius

72 1489 148 1513 ante
178 1478 443 1511 incarnationem
476 1477 598 1509 dicitur
630 1477 707 1509 Deo
747 1477 838 1509 Patri
869 1478 1089 1519 ministrasse,
1128 1492 1196 1512 non

70 1525 175 1557 modo
200 1524 232 1556 in
258 1523 317 1562 iis,
358 1523 514 1566 quiante
547 1522 665 1555 Arium
698 1522 866 1562 vixerunt,
904 1523 1036 1557 Justino
1075 1537 1198 1568 nempe

69 1580 225 1615 martyre,
251 1567 443 1612 Theophilo
469 1567 701 1607 Antiocheno,
727 1568 885 1608 Irenaeo,
917 1568 1091 1602 Clemente
1122 1570 1198 1602 Ale-

69 1616 251 1653 xandrino,
283 1612 514 1653 Tertulliano,
546 1621 579 1644 et
609 1612 645 1644 in
677 1612 771 1656 epist.
802 1625 857 1645 sex
890 1613 1126 1659 episcoporum
1157 1615 1200 1647 ad

69 1660 215 1693 Paulum
240 1659 516 1700 Samosatenum3
550 1658 608 1690 sed
636 1666 668 1689 et
692 1658 725 1689 in
750 1656 835 1696 illis,
867 1659 924 1702 qui
947 1668 1025 1702 post
1050 1669 1197 1692 exortam

72 1704 234 1738 Arianam
257 1703 410 1736 haeresin
434 1702 615 1747 scripsere,
648 1715 678 1735 v·
705 1715 732 1735 c.
757 1702 791 1734 in
816 1702 966 1743 Hilario,
990 1704 1048 1736 lib.
1074 1705 1133 1739 ΙΙΙ.
1158 1706 1200 1737 de

72 1749 253 1788 Trinitate,
288 1747 399 1781 Mario
434 1747 628 1786 Victorino,
667 1747 791 1793 hymno
818 1748 895 1789 lll.,
933 1757 967 1780 et
997 1749 1200 1794 Epiphanio.

73 1794 193 1827 Utrum
219 1806 298 1826 vero
325 1792 492 1838 ejusmodi
516 1792 691 1837 locutione
716 1792 878 1834 Origenes
902 1793 1039 1834 doceat,
1063 1807 1126 1827 nec
1148 1808 1203 1836 ne,

74 1839 226 1871 Verbum
247 1839 281 1870 in
307 1837 475 1870 creatione
498 1851 611 1870 rerum
625 1837 841 1870 instrumenti
855 1848 982 1871 tantum
1006 1849 1116 1884 partes
1142 1842 1203 1873 ob-

75 1884 162 1923 iisse,
187 1884 262 1916 vide
287 1882 517 1924 Origenianor.
543 1883 599 1914 lib.
625 1883 669 1915 ll.
693 1892 819 1926 quaest.
842 1884 884 1916 ll.
909 1897 1001 1918 num.
1017 1885 1069 1919 13.
1092 1885 1133 1919 R.
1158 1908 1201 1915 .-

73 1929 142 1962 Cfr.
169 1929 219 1961 ed.
243 1927 497 1971 Redepenning.
521 1940 597 1972 pag.
611 1927 666 1962 91.
690 1937 761 1961 not.
775 1928 807 1961 4.

166 1986 200 2025 ⁶)
225 1983 312 2016 Edd.
338 1984 384 2015 M.
413 1983 556 2017 »omni«
655 1983 688 2027 ⁷)
712 1983 775 2018 Ev.
800 1983 921 2017 Joann.
949 1985 973 2025 l,
997 1985 1028 2020 3.

169 2040 203 2083 ⁸)
229 2038 285 2072 Sic
311 2051 426 2072 omnes
451 2039 530 2071 Mss.
563 2040 608 2072 At
624 2038 703 2071 libri
725 2038 824 2071 editi:
852 2039 1074 2081 »exin-miens,
1098 2042 1201 2075 homo

73 2086 178 2117 factus
209 2084 397 2116 incarnatus
429 2092 494 2123 est,
531 2096 605 2116 cum
639 2084 732 2115 Deus
765 2093 866 2126 esset,
899 2094 932 2117 et
955 2086 1059 2118 homo
1084 2089 1203 2121 mansit

75 2130 167 2175 quod
190 2130 284 2162 Deus
311 2137 411 2161 erat.«
441 2128 480 2160 R.
506 2146 547 2152 —-
571 2128 636 2161 Ed.
660 2129 711 2162 Μ.
738 2129 761 2161 Ι.
789 2129 1000 2163 »exinaniens
1023 2132 1130 2165 sactus
1155 2144 1203 2166 est

74 2176 190 2208 homo.
237 2175 429 2208 lucarnatus
462 2181 512 2205 est
543 2185 618 2206 eum
645 2173 726 2206 deus
751 2183 855 2208 esset:
888 2184 921 2207 et
954 2175 1058 2209 homo
1081 2178 1203 2211 mansit

76 2220 168 2265 quod
192 2220 273 2252 deus
302 2228 403 2261 erat‚«
431 2218 482 2251 ed.
508 2230 587 2250 vero
612 2218 661 2250 M.
679 2219 721 2251 ll.
747 2219 957 2253 »exinaniens
978 2221 1082 2254 homo
1099 2223 1204 2255 factus

75 2274 139 2298 est:
163 2265 352 2298 incarnatus
377 2272 426 2296 est
450 2276 526 2295 cum
551 2263 632 2295 deus
657 2272 759 2307 esset,
784 2273 817 2296 et
839 2265 943 2298 homo
968 2266 1090 2300 mansit
1114 2269 1205 2312 quod

77 2311 158 2342 deus
183 2319 282 2344 eran«
833 2319 838 2323 ‘

867 2370 923 2404 2ὁὶ-
