1404 2463
141 123 208 157 51&
610 132 655 155 Ex
682 121 858 156 Omessms

141 214 205 248 τοῦ
228 211 408 247 Ἰουδαίου
432 210 471 246 ἐκ
497 213 560 246 τοῦ
586 213 749 259 κρυπτοῦ
774 211 1012 257 λαμβάνεται,
1039 214 1200 256 νοητέον,
1225 210 1282 248 ὅτι

141 272 265 318 ὥσπερ
286 273 476 309 Ἰουδαίων
499 272 710 318 σωματικόν
726 274 757 319 ¹)
784 274 859 310 ἐστι
882 277 1000 324 γένος,
1027 272 1120 309 οὕτω
1144 275 1218 308 τῶν
1241 273 1282 309 ἐν

139 336 290 382 κρυπτῷ
311 334 502 370 Ἰουδαίων
534 335 615 370 ἐστί
635 348 666 370 τι
692 336 816 380 ἔθνος,
856 337 918 379 τῆς
942 337 1063 382 ψυχῆς
1084 334 1151 379 τὴν
1175 336 1284 381 εὐγέ-

142 409 246 433 νειαν
275 395 412 440 ταύτην
443 395 535 431 κατά
566 409 666 437 τινας
697 396 829 443 λόγους
852 397 1082 446 ἀπορῥήτους
1104 400 1283 441 κεκτημέ-

141 472 214 503 νης.
258 457 363 494 Ἀλλὰ
402 460 465 493 καὶ
501 461 636 494 πολλαὶ
670 463 892 506 προφητεῖαι
926 461 1013 504 περὶ
1046 461 1111 495 τοῦ
1139 457 1293 505 Ἰσραὴλ.

141 524 204 556 καὶ
227 523 290 556 τοῦ
312 519 434 555 ’Ῑούδα
456 519 752 567 προᾳητεύουσι,
785 519 1028 568 διηγούμεναι
1052 519 1096 555 τά
1122 518 1282 565 ἐσόμενα

141 582 274 622 αὐτοῖς.
319 585 395 617 Καὶ
429 581 472 618 οὐ
497 581 620 626 δήπου
645 585 682 617 αἱ
706 585 881 619 τοσαῦται
903 582 1042 622 τούτοις
1067 584 1286 629 γεγραμμέ-

143 658 204 681 ναι
228 645 464 690 ἐπαγγελίαι,
500 642 591 680 ὅσον
614 645 676 680 ἐπὶ
700 647 741 694 τῇ
765 648 856 685 λέξει
880 647 1052 682 ταπειναὶ
1075 641 1283 688 τυγχάνου-

142 720 215 747 σαι,
239 709 301 742 καὶ
319 706 429 742 οὐδὲν
445 703 639 753 ἀνάστημα
655 709 895 753 παριστῶσαι,
922 709 984 742 καὶ
1002 706 1146 750 ἀξίωμα
1163 705 1284 750 ἐπαγ-

142 771 264 815 γελίας
290 770 400 812 θεοῦ,
433 767 515 813 οὐχὶ
543 768 745 814 ἀναγωγῆς
768 771 944 813 μυστικῆς
969 770 1131 810 δέοντως
1169 769 1218 800 Εἰ
1242 766 1284 800 δὲ

142 833 181 865 αἱ
214 831 433 875 ἐπαγγελίαι
465 834 594 873 νοηταί
623 833 692 865 εἰσι
716 829 760 864 δι’
788 833 975 874 αἰσθητῶν
999 827 1284 874 ἀπαγγελλόμε-

143 892 271 937 ναι·2)
297 894 358 926 καὶ
384 887 435 930 οἷς
460 893 499 925 αἱ
524 891 624 936 (183)
655 892 886 936 ἐπαγγελίαι,
914 891 956 926 οὐ
973 893 1186 936 σωματικοί.
1209 891 1284 924 Καὶ

141 957 202 989 ἵνα
233 953 284 999 μὴ
320 953 629 999 ἒπιδιατρίβωμεν
661 955 711 997 τῷ
735 952 834 999 λόγῳ
858 956 908 999 τῷ
933 955 1018 999 περὶ
1040 953 1105 988 τοῦ
1129 952 1170 987 ἐν
1192 964 1284 997 κρυ-

142 1018 221 1061 πτῷ
242 1015 436 1059 Ἰουδαίου,
461 1017 524 1049 καὶ
548 1016 612 1049 τοῦ
636 1017 722 1061 περὶ
745 1017 808 1050 τοῦ
833 1016 903 1050 ἔσω
921 1012 1284 1061 ἀνθρώπουἸσραη-

142 1081 261 1122 λίτου,
294 1080 357 1112 καὶ
387 1077 528 1113 τούτων
551 1075 744 1123 αὐτάρκων
769 1074 886 1112 ὄντων
909 1081 984 1116 τοῖς
1006 1077 1058 1122 μὴ
1083 1075 1282 1121 ἀκέντροις·

141 1141 204 1175 ἐπὶ
237 1138 277 1174 τὸ
307 1143 556 1186 προκείμενον
587 1137 882 1185 ἕπανερχόμεθα,
895 1138 931 1184 ³)
966 1142 1031 1173 καί
1061 1149 1189 1185 φαμεν
1219 1134 1285 1172 τὸν

139 1200 266 1246 ’[ακώβ
296 1204 436 1248 πατέρα
467 1197 561 1236 εἶναι
591 1202 664 1237 τῶν
695 1200 840 1237 δώδεκα
863 1202 1119 1247 πατριαρχῶν,
1155 1198 1284 1235 κάκεί-

142 1278 228 1304 νους
252 1266 325 1299 τῶν
349 1261 569 1308 δημάρχων·
600 1266 663 1298 καὶ
687 1264 738 1299 ἔτι
762 1264 924 1303 ἐκείνους
946 1265 1019 1298 τῶν
1043 1262 1124 1306 ἑξῆς
1142 1261 1285 1307 Ἰσραη-

143 1328 264 1361 λιτῶν.
297 1320 369 1371 ἶΑρ’
398 1319 466 1360 οὖν
492 1327 526 1361 οἱ
549 1326 621 1373 μὲν
645 1327 847 1372 σωματικοὶ
869 1325 1088 1372 Ἰσραηλῖται
1103 1323 1171 1368 τὴν
1187 1324 1283 1359 ἀνα-

143 1387 271 1434 γωγὴν
307 1388 456 1432 ἔχουσιν
489 1387 550 1422 ἐπὶ
581 1387 662 1426 τοὺς
687 1386 918 1433 δημάρχους,
952 1389 1015 1422 καὶ
1039 1389 1075 1423 οἱ
1097 1385 1284 1432 δήμαρχοι

142 1447 236 1495 πρὸς
259 1447 342 1488 τούς
365 1446 608 1495 πατριάρχας,
643 1450 677 1483 οἱ
701 1449 743 1484 δὲ
764 1447 988 1495 πατριάρχαι
1009 1447 1102 1494 πρὸς
1124 1445 1189 1484 τὸν
1207 1448 1283 1483 Ἰα-

143 1511 239 1555 κώβ,
270 1512 333 1544 καὶ
365 1509 447 1550 τούς
471 1510 521 1545 ἔτι
546 1509 735 1556 ἀνωτέρω;
774 1511 818 1544 Οἱ
842 1510 884 1544 δὲ
908 1512 1032 1553 νοητοὶ
1052 1510 1282 1556 Ἰσραηλῖται,

142 1565 196 1607 ὧν
220 1570 333 1611 τύπος
355 1566 452 1615 ἦσαν
477 1573 512 1607 οἱ
535 1573 746 1616 σωματικοὶ,
772 1569 854 1615 οὐχὶ
877 1571 918 1606 ἐκ
942 1570 1073 1616 δήμων
1095 1574 1178 1615 εἰσὶ,
1210 1573 1285 1607 τῶν

144 1633 276 1679 δήμων
310 1634 352 1669 ἐκ
387 1635 516 1680 φυλῶν
548 1630 801 1678 ἐληλυθότων,
843 1634 906 1666 καὶ
940 1634 1014 1668 τῶν
1046 1635 1176 1679 φυλῶν
1208 1632 1283 1669 ἀπὸ

145 1695 227 1736 ἑνός
255 1708 374 1739 τινος,
407 1697 570 1741 γένεσιν,
609 1694 652 1729 οὐ
684 1692 856 1737 τοιαύτην
888 1692 1102 1739 σωματικὴν
1124 1695 1283 1740 ἔχοντος,

147 1757 239 1792 ἀλλὰ
256 1755 322 1801 τὴν
338 1760 539 1803 κρείττονα,
557 1758 806 1802 γεγενημένου
824 1754 996 1791 κάκείνου
1014 1756 1054 1790 ἐκ
1071 1757 1135 1791 τοῦ
1150 1754 1283 1801 Ἰσαὰκ,

151 1817 439 1863 καταβεβηκότος
463 1817 636 1854 κάκείνου
660 1818 701 1852 ἐκ
725 1819 788 1852 τοῦ
811 1816 986 1863 Ἀβραὰμ,
1013 1816 1165 1853 πάντων
1188 1818 1285 1854 ἀνα-

145 1884 317 1929 γομένων
345 1881 409 1915 ἐπὶ
438 1879 504 1916 τὸν
531 1878 665 1926 Ἀδὰμ,
703 1876 748 1915 ὃν
784 1878 802 1914 ὁ
838 1878 1041 1919 ἀπόστολος
1069 1877 1168 1916 εἶναί
1192 1891 1285 1927 φησι

145 1943 211 1979 τὸν
235 1940 417 1988 Χριστόν,·
457 1945 568 1978 Πᾶσα
599 1941 673 1990 γὰρ
705 1940 797 1989 ἁρχὴ
829 1943 995 1990 πατριῶν
1023 1944 1098 1977 τῶν
1121 1941 1169 1982 ὥς
1191 1942 1286 1988 πρὸς

144 2005 208 2041 τὸν
231 2007 304 2040 τῶν
327 2002 423 2040 ὅλων
447 2002 548 2047 θεὸν,
574 2005 761 2051 κατωτέρω
787 2002 860 2039 ἀπὸ
885 2006 949 2040 τοῦ
967 2006 1128 2049 Χριστοῦ
1153 2001 1285 2052 ἤρξατο

242 2150 274 2194 ¹)
299 2148 433 2182 Primus
460 2148 546 2183 Cod.
571 2149 654 2191 Reg.
681 2151 911 2193 σωματικῶν.
937 2150 984 2186 Ro

241 2205 276 2250 2)
301 2204 351 2237 Ita
382 2205 548 2237 secundus
582 2205 668 2238 Cod.
701 2205 836 2248 Regius.
863 2205 1005 2239 Turinus
1035 2216 1118 2238 vero
1149 2205 1282 2250 (itemq

147 2250 289 2296 Spenc.)
313 2248 640 2296 ἒπαγγελλόμεναι.
664 2251 707 2284 R.

241 2306 276 2351 ³)
299 2305 435 2338 Primus
461 2305 547 2340 Cod.
572 2306 652 2348 Reg.
678 2305 982 2352 ἑπανερχιόμεθα.
1007 2306 1047 2339 R.
