<?xml version="1.0" encoding="UTF-8"?>
<!DOCTYPE html PUBLIC "-//W3C//DTD XHTML 1.0 Transitional//EN"
    "http://www.w3.org/TR/xhtml1/DTD/xhtml1-transitional.dtd">
<html xmlns="http://www.w3.org/1999/xhtml" xml:lang="en" lang="en">
 <head>
  <title>
</title>
<meta http-equiv="Content-Type" content="text/html;charset=utf-8" />
  <meta name='ocr-system' content='tesseract 3.04.00' />
  <meta name='ocr-capabilities' content='ocr_page ocr_carea ocr_par ocr_line ocrx_word'/>
</head>
<body>
  <div class='ocr_page' id='page_1' title='image "./operaomniaquaegr21orig/operaomniaquaegr21orig_0295.png"; bbox 0 0 1404 2463; ppageno 0'>
   <div class='ocr_carea' id='block_1_1' title="bbox 368 113 1171 149">
    <p class='ocr_par' dir='ltr' id='par_1_1' title="bbox 368 113 1171 149">
     <span class='ocr_line' id='line_1_1' title="bbox 368 113 1171 149; baseline 0.004 -3"><span class='ocrx_word' id='word_1_1' title='bbox 368 124 412 146; x_wconf 69' lang='lat' dir='ltr'>nr:</span> <span class='ocrx_word' id='word_1_2' title='bbox 437 114 629 146; x_wconf 74' lang='lat' dir='ltr'>ancmns</span> <span class='ocrx_word' id='word_1_3' title='bbox 656 113 761 145; x_wconf 67' lang='lat' dir='ltr'>Lmen</span> <span class='ocrx_word' id='word_1_4' title='bbox 791 113 846 145; x_wconf 78' lang='lat'>111.</span> <span class='ocrx_word' id='word_1_5' title='bbox 1108 113 1171 149; x_wconf 78' lang='lat'>281</span> 
     </span>
    </p>
   </div>
   <div class='ocr_carea' id='block_1_2' title="bbox 63 201 1194 1722">
    <p class='ocr_par' dir='ltr' id='par_1_2' title="bbox 63 201 1194 1722">
     <span class='ocr_line' id='line_1_2' title="bbox 63 201 1173 249; baseline 0.001 -13"><span class='ocrx_word' id='word_1_6' title='bbox 63 204 184 248; x_wconf 84' lang='lat' dir='ltr'>absque</span> <span class='ocrx_word' id='word_1_7' title='bbox 210 203 338 236; x_wconf 81' lang='lat' dir='ltr'>divinae</span> <span class='ocrx_word' id='word_1_8' title='bbox 363 201 612 246; x_wconf 83' lang='lat' dir='ltr'>dispensationis</span> <span class='ocrx_word' id='word_1_9' title='bbox 631 201 699 234; x_wconf 77' lang='lat' dir='ltr'>fleri</span> <span class='ocrx_word' id='word_1_10' title='bbox 718 202 925 246; x_wconf 81' lang='lat' dir='ltr'>providentia</span> <span class='ocrx_word' id='word_1_11' title='bbox 945 212 1073 246; x_wconf 79' lang='lat' dir='ltr'>potest:</span> <span class='ocrx_word' id='word_1_12' title='bbox 1098 205 1173 249; x_wconf 86' lang='lat' dir='ltr'>quia</span> 
     </span>
     <span class='ocr_line' id='line_1_3' title="bbox 64 264 1176 309; baseline 0.001 -13"><span class='ocrx_word' id='word_1_13' title='bbox 64 264 173 308; x_wconf 86' lang='lat' dir='ltr'>nisi&#39;)</span> <span class='ocrx_word' id='word_1_14' title='bbox 203 278 263 309; x_wconf 86' lang='lat' dir='ltr'>per</span> <span class='ocrx_word' id='word_1_15' title='bbox 294 264 374 303; x_wconf 85' lang='lat' dir='ltr'>hoc,</span> <span class='ocrx_word' id='word_1_16' title='bbox 403 277 470 296; x_wconf 89' lang='lat' dir='ltr'>non</span> <span class='ocrx_word' id='word_1_17' title='bbox 502 272 757 304; x_wconf 77' lang='lat' dir='ltr'>cognosceretur</span> <span class='ocrx_word' id='word_1_18' title='bbox 786 264 863 308; x_wconf 87' lang='lat' dir='ltr'>quid</span> <span class='ocrx_word' id='word_1_19' title='bbox 891 265 1176 297; x_wconf 68' lang='lat' dir='ltr'>condemnationis</span> 
     </span>
     <span class='ocr_line' id='line_1_4' title="bbox 70 325 1177 370; baseline 0 -12"><span class='ocrx_word' id='word_1_20' title='bbox 70 327 202 359; x_wconf 74' lang='lat' dir='ltr'>liaberet</span> <span class='ocrx_word' id='word_1_21' title='bbox 234 325 401 358; x_wconf 81' lang='lat' dir='ltr'>temeritas</span> <span class='ocrx_word' id='word_1_22' title='bbox 432 326 580 364; x_wconf 80' lang='lat' dir='ltr'>auditus,</span> <span class='ocrx_word' id='word_1_23' title='bbox 611 335 643 357; x_wconf 85' lang='lat' dir='ltr'>et</span> <span class='ocrx_word' id='word_1_24' title='bbox 673 325 988 369; x_wconf 74' lang='lat' dir='ltr'>perscrutationi52)</span> <span class='ocrx_word' id='word_1_25' title='bbox 1013 325 1177 370; x_wconf 82' lang='lat' dir='ltr'>improbi-</span> 
     </span>
     <span class='ocr_line' id='line_1_5' title="bbox 67 387 1175 432; baseline -0.001 -12"><span class='ocrx_word' id='word_1_26' title='bbox 67 397 134 429; x_wconf 80' lang='lat' dir='ltr'>tas;</span> <span class='ocrx_word' id='word_1_27' title='bbox 159 401 224 420; x_wconf 91' lang='lat' dir='ltr'>non</span> <span class='ocrx_word' id='word_1_28' title='bbox 249 388 362 432; x_wconf 86' lang='lat' dir='ltr'>utique</span> <span class='ocrx_word' id='word_1_29' title='bbox 387 396 641 429; x_wconf 80' lang='lat' dir='ltr'>cognosceretur</span> <span class='ocrx_word' id='word_1_30' title='bbox 666 387 742 430; x_wconf 78' lang='lat' dir='ltr'>quid</span> <span class='ocrx_word' id='word_1_31' title='bbox 771 396 852 419; x_wconf 79' lang='lat' dir='ltr'>esset</span> <span class='ocrx_word' id='word_1_32' title='bbox 876 387 1027 419; x_wconf 71' lang='lat' dir='ltr'>utilitatis</span> <span class='ocrx_word' id='word_1_33' title='bbox 1053 388 1175 420; x_wconf 86' lang='lat' dir='ltr'>erudiri</span> 
     </span>
     <span class='ocr_line' id='line_1_6' title="bbox 67 448 1176 493; baseline 0 -12"><span class='ocrx_word' id='word_1_34' title='bbox 67 462 128 493; x_wconf 87' lang='lat' dir='ltr'>per</span> <span class='ocrx_word' id='word_1_35' title='bbox 160 449 324 482; x_wconf 81' lang='lat' dir='ltr'>ordinem.</span> <span class='ocrx_word' id='word_1_36' title='bbox 371 449 413 480; x_wconf 85' lang='lat' dir='ltr'>Et</span> <span class='ocrx_word' id='word_1_37' title='bbox 442 448 518 480; x_wconf 87' lang='lat' dir='ltr'>inde</span> <span class='ocrx_word' id='word_1_38' title='bbox 549 448 602 488; x_wconf 73' lang='lat' dir='ltr'>fn,</span> <span class='ocrx_word' id='word_1_39' title='bbox 647 457 682 480; x_wconf 82' lang='lat' dir='ltr'>ut</span> <span class='ocrx_word' id='word_1_40' title='bbox 720 458 894 489; x_wconf 79' lang='lat' dir='ltr'>eognoscat</span> <span class='ocrx_word' id='word_1_41' title='bbox 925 448 1031 480; x_wconf 81' lang='lat' dir='ltr'>anima</span> <span class='ocrx_word' id='word_1_42' title='bbox 1061 449 1176 481; x_wconf 81' lang='lat' dir='ltr'>vitium</span> 
     </span>
     <span class='ocr_line' id='line_1_7' title="bbox 68 510 1178 555; baseline 0 -13"><span class='ocrx_word' id='word_1_43' title='bbox 68 524 180 549; x_wconf 77' lang='lat' dir='ltr'>suum,</span> <span class='ocrx_word' id='word_1_44' title='bbox 210 523 308 554; x_wconf 85' lang='lat' dir='ltr'>seque</span> <span class='ocrx_word' id='word_1_45' title='bbox 334 510 436 555; x_wconf 83' lang='lat' dir='ltr'>ipsam</span> <span class='ocrx_word' id='word_1_46' title='bbox 462 510 698 553; x_wconf 81' lang='lat' dir='ltr'>reprehendat,</span> <span class='ocrx_word' id='word_1_47' title='bbox 723 522 759 541; x_wconf 88' lang='lat' dir='ltr'>ac</span> <span class='ocrx_word' id='word_1_48' title='bbox 785 520 1028 554; x_wconf 77' lang='lat' dir='ltr'><strong>consequenter</strong></span> <span class='ocrx_word' id='word_1_49' title='bbox 1051 524 1085 543; x_wconf 85' lang='lat' dir='ltr'>se</span> <span class='ocrx_word' id='word_1_50' title='bbox 1110 513 1178 544; x_wconf 84' lang='lat' dir='ltr'>cul-</span> 
     </span>
     <span class='ocr_line' id='line_1_8' title="bbox 69 571 1180 616; baseline 0.001 -13"><span class='ocrx_word' id='word_1_51' title='bbox 69 581 161 604; x_wconf 81' lang='lat' dir='ltr'>turae</span> <span class='ocrx_word' id='word_1_52' title='bbox 185 581 338 610; x_wconf 75' lang='lat' dir='ltr'><strong>reservet,</strong></span> <span class='ocrx_word' id='word_1_53' title='bbox 363 585 399 603; x_wconf 83' lang='lat' dir='ltr'>ae</span> <span class='ocrx_word' id='word_1_54' title='bbox 423 572 540 610; x_wconf 72' lang='lat' dir='ltr'>tradat,</span> <span class='ocrx_word' id='word_1_55' title='bbox 564 571 597 603; x_wconf 89' lang='lat' dir='ltr'>id</span> <span class='ocrx_word' id='word_1_56' title='bbox 624 580 672 603; x_wconf 88' lang='lat' dir='ltr'>est</span> <span class='ocrx_word' id='word_1_57' title='bbox 695 580 728 602; x_wconf 76' lang='lat' dir='ltr'>ut</span> <span class='ocrx_word' id='word_1_58' title='bbox 756 571 864 603; x_wconf 66' lang='lat' dir='ltr'>videat</span> <span class='ocrx_word' id='word_1_59' title='bbox 887 571 949 603; x_wconf 86' lang='lat' dir='ltr'>sibi</span> <span class='ocrx_word' id='word_1_60' title='bbox 974 571 1106 616; x_wconf 83' lang='lat' dir='ltr'>prius³)</span> <span class='ocrx_word' id='word_1_61' title='bbox 1134 573 1180 604; x_wconf 81' lang='lat' dir='ltr'>vi-</span> 
     </span>
     <span class='ocr_line' id='line_1_9' title="bbox 70 632 1182 671; baseline 0.002 -6"><span class='ocrx_word' id='word_1_62' title='bbox 70 633 113 665; x_wconf 76' lang='lat' dir='ltr'>tia</span> <span class='ocrx_word' id='word_1_63' title='bbox 138 633 327 671; x_wconf 54' lang='lat' dir='ltr'>resecanda,</span> <span class='ocrx_word' id='word_1_64' title='bbox 363 642 431 665; x_wconf 78' lang='lat' dir='ltr'>tum</span> <span class='ocrx_word' id='word_1_65' title='bbox 456 633 583 665; x_wconf 79' lang='lat' dir='ltr'>-deinde</span> <span class='ocrx_word' id='word_1_66' title='bbox 607 634 646 665; x_wconf 82' lang='lat' dir='ltr'>ad</span> <span class='ocrx_word' id='word_1_67' title='bbox 673 632 923 664; x_wconf 69' lang='lat' dir='ltr'>instructionem</span> <span class='ocrx_word' id='word_1_68' title='bbox 948 633 1102 666; x_wconf 74' lang='lat' dir='ltr'>scientiae</span> <span class='ocrx_word' id='word_1_69' title='bbox 1126 648 1182 667; x_wconf 75' lang='lat' dir='ltr'>ve-</span> 
     </span>
     <span class='ocr_line' id='line_1_10' title="bbox 71 693 1182 736; baseline 0.001 -10"><span class='ocrx_word' id='word_1_70' title='bbox 71 695 239 726; x_wconf 84' lang='lat' dir='ltr'>niendum.</span> <span class='ocrx_word' id='word_1_71' title='bbox 287 693 376 736; x_wconf 82' lang='lat' dir='ltr'>Quia</span> <span class='ocrx_word' id='word_1_72' title='bbox 414 707 490 735; x_wconf 78' lang='lat' dir='ltr'>ergo</span> <span class='ocrx_word' id='word_1_73' title='bbox 525 693 611 726; x_wconf 76' lang='lat' dir='ltr'>sicut</span> <span class='ocrx_word' id='word_1_74' title='bbox 649 693 902 725; x_wconf 87' lang='lat' dir='ltr'>innumerabiles</span> <span class='ocrx_word' id='word_1_75' title='bbox 938 704 1013 726; x_wconf 87' lang='lat' dir='ltr'>sunt</span> <span class='ocrx_word' id='word_1_76' title='bbox 1042 694 1182 735; x_wconf 80' lang='lat' dir='ltr'>animae,</span> 
     </span>
     <span class='ocr_line' id='line_1_11' title="bbox 70 755 1182 800; baseline 0.002 -14"><span class='ocrx_word' id='word_1_77' title='bbox 70 756 113 786; x_wconf 83' lang='lat' dir='ltr'>ita</span> <span class='ocrx_word' id='word_1_78' title='bbox 145 764 176 786; x_wconf 85' lang='lat' dir='ltr'>et</span> <span class='ocrx_word' id='word_1_79' title='bbox 209 767 318 787; x_wconf 83' lang='lat' dir='ltr'>mores</span> <span class='ocrx_word' id='word_1_80' title='bbox 342 768 452 787; x_wconf 80' lang='lat' dir='ltr'>earum</span> <span class='ocrx_word' id='word_1_81' title='bbox 479 765 576 800; x_wconf 81' lang='lat' dir='ltr'>atque</span> <span class='ocrx_word' id='word_1_82' title='bbox 600 755 790 799; x_wconf 75' lang='lat' dir='ltr'>proposita.</span> <span class='ocrx_word' id='word_1_83' title='bbox 831 755 1016 799; x_wconf 77' lang='lat' dir='ltr'>diversique</span> <span class='ocrx_word' id='word_1_84' title='bbox 1041 756 1182 798; x_wconf 81' lang='lat' dir='ltr'>singula-</span> 
     </span>
     <span class='ocr_line' id='line_1_12' title="bbox 70 816 1184 861; baseline 0.001 -13"><span class='ocrx_word' id='word_1_85' title='bbox 70 830 142 848; x_wconf 85' lang='lat' dir='ltr'>rum</span> <span class='ocrx_word' id='word_1_86' title='bbox 168 826 288 855; x_wconf 78' lang='lat' dir='ltr'>motus,</span> <span class='ocrx_word' id='word_1_87' title='bbox 313 826 345 848; x_wconf 86' lang='lat' dir='ltr'>et</span> <span class='ocrx_word' id='word_1_88' title='bbox 369 816 622 861; x_wconf 71' lang='lat' dir='ltr'>appetentiae³)</span> <span class='ocrx_word' id='word_1_89' title='bbox 649 827 678 849; x_wconf 78' lang='lat' dir='ltr'>et</span> <span class='ocrx_word' id='word_1_90' title='bbox 703 816 934 858; x_wconf 79' lang='lat' dir='ltr'>incitamenta3</span> <span class='ocrx_word' id='word_1_91' title='bbox 967 830 1104 861; x_wconf 89' lang='lat' dir='ltr'>quarum</span> <span class='ocrx_word' id='word_1_92' title='bbox 1130 831 1184 850; x_wconf 86' lang='lat' dir='ltr'>va-</span> 
     </span>
     <span class='ocr_line' id='line_1_13' title="bbox 71 878 1183 922; baseline 0.001 -13"><span class='ocrx_word' id='word_1_93' title='bbox 71 878 221 910; x_wconf 72' lang='lat' dir='ltr'>rietatem</span> <span class='ocrx_word' id='word_1_94' title='bbox 248 878 385 910; x_wconf 75' lang='lat' dir='ltr'>humana</span> <span class='ocrx_word' id='word_1_95' title='bbox 410 892 500 910; x_wconf 87' lang='lat' dir='ltr'>mens</span> <span class='ocrx_word' id='word_1_96' title='bbox 528 879 733 910; x_wconf 75' lang='lat' dir='ltr'>considerare</span> <span class='ocrx_word' id='word_1_97' title='bbox 751 879 937 910; x_wconf 81' lang='lat' dir='ltr'>nullatenus</span> <span class='ocrx_word' id='word_1_98' title='bbox 954 888 1081 922; x_wconf 86' lang='lat' dir='ltr'>potest:</span> <span class='ocrx_word' id='word_1_99' title='bbox 1106 879 1183 912; x_wconf 81' lang='lat' dir='ltr'>iden</span> 
     </span>
     <span class='ocr_line' id='line_1_14' title="bbox 71 939 1187 984; baseline 0.002 -13"><span class='ocrx_word' id='word_1_100' title='bbox 71 939 134 971; x_wconf 87' lang='lat' dir='ltr'>soli</span> <span class='ocrx_word' id='word_1_101' title='bbox 159 940 234 972; x_wconf 88' lang='lat' dir='ltr'>Deo</span> <span class='ocrx_word' id='word_1_102' title='bbox 259 953 320 978; x_wconf 86' lang='lat' dir='ltr'>ars,</span> <span class='ocrx_word' id='word_1_103' title='bbox 342 940 419 984; x_wconf 79' lang='lat' dir='ltr'>et5)</span> <span class='ocrx_word' id='word_1_104' title='bbox 444 940 597 979; x_wconf 80' lang='lat' dir='ltr'>scientia,</span> <span class='ocrx_word' id='word_1_105' title='bbox 621 950 652 972; x_wconf 89' lang='lat' dir='ltr'>et</span> <span class='ocrx_word' id='word_1_106' title='bbox 677 940 823 984; x_wconf 79' lang='lat' dir='ltr'>potentia</span> <span class='ocrx_word' id='word_1_107' title='bbox 849 940 1102 983; x_wconf 78' lang='lat' dir='ltr'>dispensationis</span> <span class='ocrx_word' id='word_1_108' title='bbox 1127 941 1187 973; x_wconf 89' lang='lat' dir='ltr'>hu-</span> 
     </span>
     <span class='ocr_line' id='line_1_15' title="bbox 71 1000 1186 1046; baseline 0.002 -14"><span class='ocrx_word' id='word_1_109' title='bbox 71 1000 255 1045; x_wconf 78' lang='lat' dir='ltr'>juscemodi</span> <span class='ocrx_word' id='word_1_110' title='bbox 287 1001 502 1045; x_wconf 87' lang='lat' dir='ltr'>relinquenda</span> <span class='ocrx_word' id='word_1_111' title='bbox 535 1011 598 1041; x_wconf 87' lang='lat' dir='ltr'>est,</span> <span class='ocrx_word' id='word_1_112' title='bbox 630 1002 685 1046; x_wconf 85' lang='lat' dir='ltr'>qui</span> <span class='ocrx_word' id='word_1_113' title='bbox 711 1003 800 1034; x_wconf 87' lang='lat' dir='ltr'>solus</span> <span class='ocrx_word' id='word_1_114' title='bbox 824 1015 920 1033; x_wconf 87' lang='lat' dir='ltr'>nosse</span> <span class='ocrx_word' id='word_1_115' title='bbox 944 1011 1055 1046; x_wconf 81' lang='lat' dir='ltr'>potest</span> <span class='ocrx_word' id='word_1_116' title='bbox 1081 1012 1112 1034; x_wconf 84' lang='lat' dir='ltr'>et</span> <span class='ocrx_word' id='word_1_117' title='bbox 1136 1016 1186 1035; x_wconf 89' lang='lat' dir='ltr'>re-</span> 
     </span>
     <span class='ocr_line' id='line_1_16' title="bbox 73 1062 1187 1107; baseline 0.002 -13"><span class='ocrx_word' id='word_1_118' title='bbox 73 1062 181 1095; x_wconf 82' lang='lat' dir='ltr'>media</span> <span class='ocrx_word' id='word_1_119' title='bbox 212 1062 431 1103; x_wconf 81' lang='lat' dir='ltr'>singularum,</span> <span class='ocrx_word' id='word_1_120' title='bbox 468 1073 499 1095; x_wconf 88' lang='lat' dir='ltr'>et</span> <span class='ocrx_word' id='word_1_121' title='bbox 532 1063 739 1095; x_wconf 79' lang='lat' dir='ltr'>curationum</span> <span class='ocrx_word' id='word_1_122' title='bbox 776 1073 907 1105; x_wconf 83' lang='lat' dir='ltr'>tempus</span> <span class='ocrx_word' id='word_1_123' title='bbox 940 1063 1060 1096; x_wconf 84' lang='lat' dir='ltr'>metiri.</span> <span class='ocrx_word' id='word_1_124' title='bbox 1113 1064 1187 1107; x_wconf 86' lang='lat' dir='ltr'>lpse</span> 
     </span>
     <span class='ocr_line' id='line_1_17' title="bbox 76 1124 1186 1168; baseline 0.002 -13"><span class='ocrx_word' id='word_1_125' title='bbox 76 1137 153 1165; x_wconf 83' lang='lat' dir='ltr'>ergo</span> <span class='ocrx_word' id='word_1_126' title='bbox 186 1126 278 1167; x_wconf 79' lang='lat' dir='ltr'>est⁶)</span> <span class='ocrx_word' id='word_1_127' title='bbox 310 1124 364 1168; x_wconf 88' lang='lat' dir='ltr'>qui</span> <span class='ocrx_word' id='word_1_128' title='bbox 394 1125 501 1164; x_wconf 86' lang='lat' dir='ltr'>solus,</span> <span class='ocrx_word' id='word_1_129' title='bbox 541 1134 576 1156; x_wconf 88' lang='lat' dir='ltr'>ut</span> <span class='ocrx_word' id='word_1_130' title='bbox 608 1124 767 1164; x_wconf 78' lang='lat' dir='ltr'>diximus,</span> <span class='ocrx_word' id='word_1_131' title='bbox 806 1124 952 1165; x_wconf 83' lang='lat' dir='ltr'>agnoscit</span> <span class='ocrx_word' id='word_1_132' title='bbox 982 1124 1186 1166; x_wconf 83' lang='lat' dir='ltr'>singulorum</span> 
     </span>
     <span class='ocr_line' id='line_1_18' title="bbox 77 1185 1189 1230; baseline 0.003 -14"><span class='ocrx_word' id='word_1_133' title='bbox 77 1185 268 1217; x_wconf 82' lang='lat' dir='ltr'>mortalium</span> <span class='ocrx_word' id='word_1_134' title='bbox 303 1185 382 1224; x_wconf 79' lang='lat' dir='ltr'>vias,</span> <span class='ocrx_word' id='word_1_135' title='bbox 415 1199 476 1230; x_wconf 87' lang='lat' dir='ltr'>qua</span> <span class='ocrx_word' id='word_1_136' title='bbox 509 1186 556 1217; x_wconf 81' lang='lat' dir='ltr'>via</span> <span class='ocrx_word' id='word_1_137' title='bbox 589 1185 685 1218; x_wconf 80' lang='lat' dir='ltr'>etiam</span> <span class='ocrx_word' id='word_1_138' title='bbox 711 1186 916 1218; x_wconf 77' lang='lat' dir='ltr'>Pharaonem</span> <span class='ocrx_word' id='word_1_139' title='bbox 942 1187 1106 1219; x_wconf 80' lang='lat' dir='ltr'>adducere</span> <span class='ocrx_word' id='word_1_140' title='bbox 1132 1188 1189 1219; x_wconf 82' lang='lat' dir='ltr'>de-</span> 
     </span>
     <span class='ocr_line' id='line_1_19' title="bbox 76 1247 1189 1291; baseline 0.002 -13"><span class='ocrx_word' id='word_1_141' title='bbox 76 1248 178 1286; x_wconf 71' lang='lat' dir='ltr'>beret,</span> <span class='ocrx_word' id='word_1_142' title='bbox 205 1257 239 1278; x_wconf 91' lang='lat' dir='ltr'>ut</span> <span class='ocrx_word' id='word_1_143' title='bbox 264 1259 324 1291; x_wconf 88' lang='lat' dir='ltr'>per</span> <span class='ocrx_word' id='word_1_144' title='bbox 346 1247 455 1290; x_wconf 88' lang='lat' dir='ltr'>ipsum</span> <span class='ocrx_word' id='word_1_145' title='bbox 480 1260 600 1279; x_wconf 87' lang='lat' dir='ltr'>nomen</span> <span class='ocrx_word' id='word_1_146' title='bbox 624 1260 719 1279; x_wconf 88' lang='lat' dir='ltr'>snum</span> <span class='ocrx_word' id='word_1_147' title='bbox 745 1248 972 1279; x_wconf 77' lang='lat' dir='ltr'>nominaretur</span> <span class='ocrx_word' id='word_1_148' title='bbox 989 1247 1020 1279; x_wconf 87' lang='lat' dir='ltr'>in</span> <span class='ocrx_word' id='word_1_149' title='bbox 1039 1248 1189 1281; x_wconf 84' lang='lat' dir='ltr'>universa</span> 
     </span>
     <span class='ocr_line' id='line_1_20' title="bbox 75 1308 1191 1352; baseline 0.001 -12"><span class='ocrx_word' id='word_1_150' title='bbox 75 1318 171 1347; x_wconf 83' lang='lat' dir='ltr'>terra,</span> <span class='ocrx_word' id='word_1_151' title='bbox 196 1308 347 1352; x_wconf 85' lang='lat' dir='ltr'>pluribus</span> <span class='ocrx_word' id='word_1_152' title='bbox 371 1308 474 1352; x_wconf 83' lang='lat' dir='ltr'>plagis</span> <span class='ocrx_word' id='word_1_153' title='bbox 498 1319 590 1341; x_wconf 79' lang='lat' dir='ltr'>antea</span> <span class='ocrx_word' id='word_1_154' title='bbox 615 1308 816 1350; x_wconf 84' lang='lat' dir='ltr'>castigatum,</span> <span class='ocrx_word' id='word_1_155' title='bbox 841 1318 873 1340; x_wconf 86' lang='lat' dir='ltr'>et</span> <span class='ocrx_word' id='word_1_156' title='bbox 890 1308 1038 1352; x_wconf 86' lang='lat' dir='ltr'>usque7)</span> <span class='ocrx_word' id='word_1_157' title='bbox 1056 1309 1094 1341; x_wconf 85' lang='lat' dir='ltr'>ad</span> <span class='ocrx_word' id='word_1_158' title='bbox 1113 1310 1191 1341; x_wconf 88' lang='lat' dir='ltr'>sub-</span> 
     </span>
     <span class='ocr_line' id='line_1_21' title="bbox 78 1369 1190 1414; baseline 0 -12"><span class='ocrx_word' id='word_1_159' title='bbox 78 1370 276 1402; x_wconf 80' lang='lat' dir='ltr'>mersionem</span> <span class='ocrx_word' id='word_1_160' title='bbox 318 1369 416 1401; x_wconf 82' lang='lat' dir='ltr'>maris</span> <span class='ocrx_word' id='word_1_161' title='bbox 454 1370 644 1405; x_wconf 80' lang='lat' dir='ltr'>adductum.</span> <span class='ocrx_word' id='word_1_162' title='bbox 699 1371 734 1402; x_wconf 87' lang='lat' dir='ltr'>ln</span> <span class='ocrx_word' id='word_1_163' title='bbox 770 1383 833 1414; x_wconf 89' lang='lat' dir='ltr'>qua</span> <span class='ocrx_word' id='word_1_164' title='bbox 864 1369 1091 1402; x_wconf 73' lang='lat' dir='ltr'>submersione</span> <span class='ocrx_word' id='word_1_165' title='bbox 1123 1384 1190 1403; x_wconf 91' lang='lat' dir='ltr'>non</span> 
     </span>
     <span class='ocr_line' id='line_1_22' title="bbox 78 1431 1194 1476; baseline 0 -12"><span class='ocrx_word' id='word_1_166' title='bbox 78 1432 193 1476; x_wconf 86' lang='lat' dir='ltr'>utique</span> <span class='ocrx_word' id='word_1_167' title='bbox 229 1432 413 1475; x_wconf 81' lang='lat' dir='ltr'>putandum</span> <span class='ocrx_word' id='word_1_168' title='bbox 438 1441 486 1463; x_wconf 84' lang='lat' dir='ltr'>est</span> <span class='ocrx_word' id='word_1_169' title='bbox 509 1431 634 1463; x_wconf 79' lang='lat' dir='ltr'>finitam</span> <span class='ocrx_word' id='word_1_170' title='bbox 659 1444 727 1463; x_wconf 85' lang='lat' dir='ltr'>esse</span> <span class='ocrx_word' id='word_1_171' title='bbox 751 1444 824 1473; x_wconf 84' lang='lat' dir='ltr'>erga</span> <span class='ocrx_word' id='word_1_172' title='bbox 850 1432 1055 1464; x_wconf 78' lang='lat' dir='ltr'>Pharaonem</span> <span class='ocrx_word' id='word_1_173' title='bbox 1080 1432 1194 1476; x_wconf 76' lang='lat' dir='ltr'>provi-</span> 
     </span>
     <span class='ocr_line' id='line_1_23' title="bbox 77 1492 1192 1537; baseline 0 -11"><span class='ocrx_word' id='word_1_174' title='bbox 77 1494 221 1526; x_wconf 78' lang='lat' dir='ltr'>dentiam</span> <span class='ocrx_word' id='word_1_175' title='bbox 246 1493 327 1525; x_wconf 83' lang='lat' dir='ltr'>Dei:</span> <span class='ocrx_word' id='word_1_176' title='bbox 353 1506 419 1525; x_wconf 89' lang='lat' dir='ltr'>non</span> <span class='ocrx_word' id='word_1_177' title='bbox 445 1492 530 1525; x_wconf 87' lang='lat' dir='ltr'>enim</span> <span class='ocrx_word' id='word_1_178' title='bbox 557 1493 632 1537; x_wconf 84' lang='lat' dir='ltr'>quia</span> <span class='ocrx_word' id='word_1_179' title='bbox 651 1494 819 1525; x_wconf 86' lang='lat' dir='ltr'>demersus</span> <span class='ocrx_word' id='word_1_180' title='bbox 837 1502 895 1531; x_wconf 82' lang='lat' dir='ltr'>est,</span> <span class='ocrx_word' id='word_1_181' title='bbox 919 1494 1077 1526; x_wconf 86' lang='lat' dir='ltr'>continuo</span> <span class='ocrx_word' id='word_1_182' title='bbox 1095 1494 1192 1526; x_wconf 82' lang='lat' dir='ltr'>etiam</span> 
     </span>
     <span class='ocr_line' id='line_1_24' title="bbox 79 1554 1191 1599; baseline 0 -12"><span class='ocrx_word' id='word_1_183' title='bbox 79 1554 335 1588; x_wconf 79' lang='lat' dir='ltr'>substantialiter</span> <span class='ocrx_word' id='word_1_184' title='bbox 370 1554 529 1586; x_wconf 84' lang='lat' dir='ltr'>interiisse</span> <span class='ocrx_word' id='word_1_185' title='bbox 554 1555 718 1598; x_wconf 83' lang='lat' dir='ltr'>putandus</span> <span class='ocrx_word' id='word_1_186' title='bbox 743 1564 801 1587; x_wconf 85' lang='lat' dir='ltr'>est.</span> <span class='ocrx_word' id='word_1_187' title='bbox 851 1556 955 1599; x_wconf 71' lang='lat' dir='ltr'>„ln‘¹)</span> <span class='ocrx_word' id='word_1_188' title='bbox 980 1568 1077 1587; x_wconf 80' lang='lat' dir='ltr'>manu</span> <span class='ocrx_word' id='word_1_189' title='bbox 1104 1555 1191 1587; x_wconf 84' lang='lat' dir='ltr'>enim</span> 
     </span>
     <span class='ocr_line' id='line_1_25' title="bbox 80 1615 1193 1660; baseline 0 -12"><span class='ocrx_word' id='word_1_190' title='bbox 80 1616 145 1649; x_wconf 87' lang='lat' dir='ltr'>Dei</span> <span class='ocrx_word' id='word_1_191' title='bbox 171 1626 202 1649; x_wconf 80' lang='lat' dir='ltr'>et</span> <span class='ocrx_word' id='word_1_192' title='bbox 226 1629 296 1655; x_wconf 88' lang='lat' dir='ltr'>nos,</span> <span class='ocrx_word' id='word_1_193' title='bbox 321 1625 353 1648; x_wconf 87' lang='lat' dir='ltr'>et</span> <span class='ocrx_word' id='word_1_194' title='bbox 377 1629 545 1648; x_wconf 79' lang='lat' dir='ltr'>sermones</span> <span class='ocrx_word' id='word_1_195' title='bbox 570 1616 683 1654; x_wconf 82' lang='lat' dir='ltr'>nostri,</span> <span class='ocrx_word' id='word_1_196' title='bbox 708 1625 739 1648; x_wconf 84' lang='lat' dir='ltr'>et</span> <span class='ocrx_word' id='word_1_197' title='bbox 765 1615 872 1648; x_wconf 79' lang='lat' dir='ltr'>omnis</span> <span class='ocrx_word' id='word_1_198' title='bbox 896 1616 1070 1659; x_wconf 79' lang='lat' dir='ltr'>prudentia</span> <span class='ocrx_word' id='word_1_199' title='bbox 1095 1626 1193 1660; x_wconf 87' lang='lat' dir='ltr'>atque</span> 
     </span>
     <span class='ocr_line' id='line_1_26' title="bbox 83 1677 1193 1722; baseline 0.002 -14"><span class='ocrx_word' id='word_1_200' title='bbox 83 1691 221 1722; x_wconf 88' lang='lat' dir='ltr'>operum</span> <span class='ocrx_word' id='word_1_201' title='bbox 248 1677 421 1722; x_wconf 81' lang='lat' dir='ltr'>disciplina</span> <span class='ocrx_word' id='word_1_202' title='bbox 448 1682 525 1716; x_wconf 79' lang='lat' dir='ltr'>est,“</span> <span class='ocrx_word' id='word_1_203' title='bbox 550 1678 634 1710; x_wconf 86' lang='lat' dir='ltr'>sieut</span> <span class='ocrx_word' id='word_1_204' title='bbox 659 1677 829 1722; x_wconf 82' lang='lat' dir='ltr'>Scriptura</span> <span class='ocrx_word' id='word_1_205' title='bbox 847 1677 935 1711; x_wconf 81' lang='lat' dir='ltr'>dicit.</span> <span class='ocrx_word' id='word_1_206' title='bbox 972 1678 1096 1709; x_wconf 86' lang='lat' dir='ltr'>Verum</span> <span class='ocrx_word' id='word_1_207' title='bbox 1114 1678 1193 1710; x_wconf 83' lang='lat' dir='ltr'>haec</span> 
     </span>
    </p>
   </div>
   <div class='ocr_carea' id='block_1_3' title="bbox 84 1738 1196 1783">
    <p class='ocr_par' dir='ltr' id='par_1_3' title="bbox 84 1738 1196 1783">
     <span class='ocr_line' id='line_1_27' title="bbox 84 1738 1196 1783; baseline 0.002 -13"><span class='ocrx_word' id='word_1_208' title='bbox 84 1751 146 1783; x_wconf 86' lang='lat' dir='ltr'>pro</span> <span class='ocrx_word' id='word_1_209' title='bbox 180 1739 302 1771; x_wconf 87' lang='lat' dir='ltr'>viribus</span> <span class='ocrx_word' id='word_1_210' title='bbox 331 1739 450 1771; x_wconf 79' lang='lat' dir='ltr'>nostris</span> <span class='ocrx_word' id='word_1_211' title='bbox 475 1738 685 1772; x_wconf 78' lang='lat' dir='ltr'>disseruimus</span> <span class='ocrx_word' id='word_1_212' title='bbox 710 1739 891 1782; x_wconf 81' lang='lat' dir='ltr'>capitulum</span> <span class='ocrx_word' id='word_1_213' title='bbox 916 1738 1107 1783; x_wconf 76' lang='lat' dir='ltr'>Sciipturae</span> <span class='ocrx_word' id='word_1_214' title='bbox 1131 1739 1196 1772; x_wconf 80' lang='lat' dir='ltr'>dis-</span> 
     </span>
    </p>
   </div>
   <div class='ocr_carea' id='block_1_4' title="bbox 181 1854 1196 1901">
    <p class='ocr_par' dir='ltr' id='par_1_4' title="bbox 181 1854 1196 1901">
     <span class='ocr_line' id='line_1_28' title="bbox 181 1854 1196 1901; baseline 0.002 -14"><span class='ocrx_word' id='word_1_215' title='bbox 181 1856 210 1898; x_wconf 87' lang='lat'>¹)</span> <span class='ocrx_word' id='word_1_216' title='bbox 236 1855 291 1888; x_wconf 77' lang='lat' dir='ltr'>Sic</span> <span class='ocrx_word' id='word_1_217' title='bbox 318 1857 393 1888; x_wconf 81' lang='lat' dir='ltr'>Mss.</span> <span class='ocrx_word' id='word_1_218' title='bbox 418 1856 509 1888; x_wconf 86' lang='lat' dir='ltr'>Libri</span> <span class='ocrx_word' id='word_1_219' title='bbox 535 1856 614 1888; x_wconf 77' lang='lat' dir='ltr'>editi</span> <span class='ocrx_word' id='word_1_220' title='bbox 639 1856 684 1901; x_wconf 88' lang='lat' dir='ltr'>(v.</span> <span class='ocrx_word' id='word_1_221' title='bbox 711 1869 736 1887; x_wconf 90' lang='lat' dir='ltr'>c.</span> <span class='ocrx_word' id='word_1_222' title='bbox 756 1854 830 1888; x_wconf 80' lang='lat' dir='ltr'>edd.</span> <span class='ocrx_word' id='word_1_223' title='bbox 850 1854 914 1901; x_wconf 83' lang='lat' dir='ltr'>M.)</span> <span class='ocrx_word' id='word_1_224' title='bbox 943 1856 1023 1897; x_wconf 84' lang='lat' dir='ltr'>„nisi</span> <span class='ocrx_word' id='word_1_225' title='bbox 1049 1869 1108 1901; x_wconf 84' lang='lat' dir='ltr'>per</span> <span class='ocrx_word' id='word_1_226' title='bbox 1132 1857 1196 1889; x_wconf 87' lang='lat' dir='ltr'>hoc</span> 
     </span>
    </p>
   </div>
   <div class='ocr_carea' id='block_1_5' title="bbox 87 1901 437 1942">
    <p class='ocr_par' dir='ltr' id='par_1_5' title="bbox 87 1901 437 1942">
     <span class='ocr_line' id='line_1_29' title="bbox 87 1901 437 1942; baseline 0.003 -10"><span class='ocrx_word' id='word_1_227' title='bbox 87 1910 351 1942; x_wconf 77' lang='lat' dir='ltr'>cognosceretur.</span> <span class='ocrx_word' id='word_1_228' title='bbox 358 1906 374 1921; x_wconf 85' lang='lat'>“</span> <span class='ocrx_word' id='word_1_229' title='bbox 400 1901 437 1933; x_wconf 80' lang='lat' dir='ltr'>R.</span> 
     </span>
    </p>
   </div>
   <div class='ocr_carea' id='block_1_6' title="bbox 86 1956 1197 2045">
    <p class='ocr_par' dir='ltr' id='par_1_6' title="bbox 86 1956 1197 2045">
     <span class='ocr_line' id='line_1_30' title="bbox 178 1956 1197 1999; baseline -0.001 -10"><span class='ocrx_word' id='word_1_230' title='bbox 178 1957 212 1998; x_wconf 84' lang='lat'>²)</span> <span class='ocrx_word' id='word_1_231' title='bbox 238 1956 292 1989; x_wconf 81' lang='lat' dir='ltr'>Sic</span> <span class='ocrx_word' id='word_1_232' title='bbox 317 1957 394 1989; x_wconf 81' lang='lat' dir='ltr'>Mss.</span> <span class='ocrx_word' id='word_1_233' title='bbox 423 1956 508 1987; x_wconf 72' lang='lat' dir='ltr'>Edit}</span> <span class='ocrx_word' id='word_1_234' title='bbox 534 1957 578 1999; x_wconf 90' lang='lat' dir='ltr'>(v.</span> <span class='ocrx_word' id='word_1_235' title='bbox 607 1969 632 1987; x_wconf 87' lang='lat' dir='ltr'>c.</span> <span class='ocrx_word' id='word_1_236' title='bbox 657 1956 733 1989; x_wconf 81' lang='lat' dir='ltr'>edd.</span> <span class='ocrx_word' id='word_1_237' title='bbox 752 1956 816 1997; x_wconf 81' lang='grc' dir='ltr'>Μ.)</span> <span class='ocrx_word' id='word_1_238' title='bbox 842 1957 944 1989; x_wconf 84' lang='lat' dir='ltr'>male:</span> <span class='ocrx_word' id='word_1_239' title='bbox 972 1956 1197 1999; x_wconf 74' lang='lat' dir='ltr'>„persecutio-</span> 
     </span>
     <span class='ocr_line' id='line_1_31' title="bbox 86 2001 1047 2045; baseline -0.001 -12"><span class='ocrx_word' id='word_1_240' title='bbox 86 2001 164 2034; x_wconf 59' lang='lat' dir='ltr'>nis«</span> <span class='ocrx_word' id='word_1_241' title='bbox 192 2002 231 2035; x_wconf 75' lang='lat' dir='ltr'>R.</span> <span class='ocrx_word' id='word_1_242' title='bbox 325 2003 358 2043; x_wconf 78' lang='grc'>3)</span> <span class='ocrx_word' id='word_1_243' title='bbox 383 2001 451 2034; x_wconf 77' lang='lat' dir='ltr'>Csr.</span> <span class='ocrx_word' id='word_1_244' title='bbox 477 2001 528 2034; x_wconf 84' lang='lat' dir='ltr'>ed.</span> <span class='ocrx_word' id='word_1_245' title='bbox 556 2001 682 2045; x_wconf 76' lang='lat' dir='ltr'>Redep.</span> <span class='ocrx_word' id='word_1_246' title='bbox 709 2014 779 2045; x_wconf 83' lang='lat' dir='ltr'>pag.</span> <span class='ocrx_word' id='word_1_247' title='bbox 804 2001 878 2035; x_wconf 73' lang='grc'>260.</span> <span class='ocrx_word' id='word_1_248' title='bbox 903 2010 971 2034; x_wconf 86' lang='lat' dir='ltr'>not.</span> <span class='ocrx_word' id='word_1_249' title='bbox 998 2001 1047 2035; x_wconf 85' lang='lat'>10.</span> 
     </span>
    </p>
   </div>
   <div class='ocr_carea' id='block_1_7' title="bbox 179 2056 686 2100">
    <p class='ocr_par' dir='ltr' id='par_1_7' title="bbox 179 2056 686 2100">
     <span class='ocr_line' id='line_1_32' title="bbox 179 2056 686 2100; baseline -0.006 -10"><span class='ocrx_word' id='word_1_250' title='bbox 179 2058 210 2099; x_wconf 74' lang='lat'>⁸)</span> <span class='ocrx_word' id='word_1_251' title='bbox 236 2057 297 2090; x_wconf 81' lang='lat' dir='ltr'>Ed.</span> <span class='ocrx_word' id='word_1_252' title='bbox 324 2057 370 2089; x_wconf 81' lang='grc' dir='ltr'>Μ.</span> <span class='ocrx_word' id='word_1_253' title='bbox 398 2057 420 2089; x_wconf 89' lang='lat' dir='ltr'>l.</span> <span class='ocrx_word' id='word_1_254' title='bbox 445 2056 686 2100; x_wconf 76' lang='lat' dir='ltr'>‚‚appetentia.“</span> 
     </span>
    </p>
   </div>
   <div class='ocr_carea' id='block_1_8' title="bbox 179 2113 1057 2214">
    <p class='ocr_par' dir='ltr' id='par_1_8' title="bbox 179 2113 1057 2214">
     <span class='ocr_line' id='line_1_33' title="bbox 179 2113 1057 2156; baseline 0 -10"><span class='ocrx_word' id='word_1_255' title='bbox 179 2116 210 2156; x_wconf 70' lang='grc' dir='ltr'>ἐ)</span> <span class='ocrx_word' id='word_1_256' title='bbox 237 2115 365 2146; x_wconf 81' lang='lat' dir='ltr'>Desunt</span> <span class='ocrx_word' id='word_1_257' title='bbox 389 2113 422 2144; x_wconf 88' lang='lat' dir='ltr'>in</span> <span class='ocrx_word' id='word_1_258' title='bbox 446 2113 497 2144; x_wconf 89' lang='lat' dir='ltr'>ed.</span> <span class='ocrx_word' id='word_1_259' title='bbox 524 2113 649 2156; x_wconf 79' lang='lat' dir='ltr'>Redep.</span> <span class='ocrx_word' id='word_1_260' title='bbox 675 2113 790 2145; x_wconf 85' lang='lat' dir='ltr'>verba:</span> <span class='ocrx_word' id='word_1_261' title='bbox 817 2122 870 2155; x_wconf 86' lang='lat' dir='ltr'>„et</span> <span class='ocrx_word' id='word_1_262' title='bbox 893 2113 1057 2146; x_wconf 82' lang='lat' dir='ltr'>seientia«</span> 
     </span>
     <span class='ocr_line' id='line_1_34' title="bbox 179 2168 693 2214; baseline -0.002 -12"><span class='ocrx_word' id='word_1_263' title='bbox 179 2173 211 2214; x_wconf 67' lang='grc' dir='ltr'>ὃ)</span> <span class='ocrx_word' id='word_1_264' title='bbox 239 2171 340 2202; x_wconf 81' lang='lat' dir='ltr'>Deest</span> <span class='ocrx_word' id='word_1_265' title='bbox 365 2168 396 2200; x_wconf 88' lang='lat' dir='ltr'>in</span> <span class='ocrx_word' id='word_1_266' title='bbox 422 2168 496 2201; x_wconf 86' lang='lat' dir='ltr'>edd.</span> <span class='ocrx_word' id='word_1_267' title='bbox 520 2168 566 2200; x_wconf 88' lang='grc' dir='ltr'>Μ.</span> <span class='ocrx_word' id='word_1_268' title='bbox 594 2173 693 2208; x_wconf 84' lang='lat' dir='ltr'>„est.“</span> 
     </span>
    </p>
   </div>
   <div class='ocr_carea' id='block_1_9' title="bbox 183 2218 1099 2272">
    <p class='ocr_par' dir='ltr' id='par_1_9' title="bbox 183 2218 1099 2272">
     <span class='ocr_line' id='line_1_35' title="bbox 183 2218 1099 2272; baseline 0 -14"><span class='ocrx_word' id='word_1_269' title='bbox 183 2227 215 2266; x_wconf 76' lang='grc'>7)</span> <span class='ocrx_word' id='word_1_270' title='bbox 241 2227 302 2258; x_wconf 77' lang='lat' dir='ltr'>Ed.</span> <span class='ocrx_word' id='word_1_271' title='bbox 329 2225 376 2258; x_wconf 78' lang='lat' dir='ltr'>M.</span> <span class='ocrx_word' id='word_1_272' title='bbox 404 2218 427 2258; x_wconf 79' lang='lat' dir='ltr'>l.</span> <span class='ocrx_word' id='word_1_273' title='bbox 452 2224 554 2256; x_wconf 81' lang='lat' dir='ltr'>male:</span> <span class='ocrx_word' id='word_1_274' title='bbox 581 2238 702 2269; x_wconf 67' lang='lat' dir='ltr'>»usque</span> <span class='ocrx_word' id='word_1_275' title='bbox 728 2225 765 2257; x_wconf 81' lang='lat' dir='ltr'>ad</span> <span class='ocrx_word' id='word_1_276' title='bbox 793 2225 943 2272; x_wconf 64' lang='lat' dir='ltr'>Moysem</span> <span class='ocrx_word' id='word_1_277' title='bbox 969 2225 1099 2258; x_wconf 76' lang='lat' dir='ltr'>maris.“</span> 
     </span>
    </p>
   </div>
   <div class='ocr_carea' id='block_1_10' title="bbox 184 2280 587 2327">
    <p class='ocr_par' dir='ltr' id='par_1_10' title="bbox 184 2280 587 2327">
     <span class='ocr_line' id='line_1_36' title="bbox 184 2280 587 2327; baseline 0.002 -13"><span class='ocrx_word' id='word_1_278' title='bbox 184 2284 218 2327; x_wconf 69' lang='lat'>³)</span> <span class='ocrx_word' id='word_1_279' title='bbox 243 2283 321 2326; x_wconf 80' lang='lat' dir='ltr'>Sap.</span> <span class='ocrx_word' id='word_1_280' title='bbox 347 2280 412 2313; x_wconf 74' lang='lat' dir='ltr'>Sal.</span> <span class='ocrx_word' id='word_1_281' title='bbox 438 2282 512 2319; x_wconf 73' lang='lat' dir='ltr'>Vll,</span> <span class='ocrx_word' id='word_1_282' title='bbox 538 2281 587 2315; x_wconf 81' lang='grc'>16.</span> 
     </span>
    </p>
   </div>
  </div>
 </body>
</html>
