1404 2463
158 89 203 123 24
634 93 812 126 Omoemus

251 181 494 227 Appellatio¹)
517 192 627 215 autem
659 182 877 228 ἀσωμάτου,
919 182 952 214 id
983 190 1048 221 est,
1082 180 1287 227 incorporei,

161 254 230 274 non
251 242 362 274 solum
388 244 476 287 apud
501 245 627 277 multos
650 244 752 284 alios,
782 257 897 276 verum
923 243 1022 276 etiam
1046 243 1136 288 apud
1159 251 1290 275 nostras

163 303 341 348 scripturas
372 314 421 337 est
450 305 604 339 inusitata
639 316 672 338 et
701 306 879 348 incognita.
926 306 963 339 Si
998 318 1078 337 vero
1110 304 1183 349 quis
1206 303 1290 336 velit

163 365 260 398 nobis
283 367 437 410 proferre
470 380 507 399 ex
536 367 598 400 illo
630 368 766 407 libello,
798 368 855 412 qui
880 368 1019 412 Petri2)
1046 366 1209 400 Doctrina
1232 378 1291 410 ap-

165 427 322 471 pellatur,
345 429 403 460 ubi
427 429 582 462 Salvator
606 430 738 462 videtur
761 430 802 462 ad
829 429 1012 474 discipulos
1037 428 1165 460 dicere:
1191 427 1291 468 „Non

165 489 284 531 sum3)
310 489 525 523 daemonium
557 491 841 536 incorporeum:“
875 491 987 535 primo
1019 488 1291 534 respondendum

168 559 217 582 est
240 550 282 589 ci,
307 551 463 595 quoniam
476 552 510 597 θ)
535 552 593 585 ille
617 553 704 586 liber
727 553 813 585 inter
837 552 942 585 libros
960 550 1202 584 ecclesiasticos
1222 561 1292 582 non

167 611 328 653 habetur;
351 622 384 645 et
409 615 654 647 ostendendum
680 615 802 660 quia⁵)
826 627 934 658 neque
951 613 1043 647 Petri
1057 622 1104 646 est
1122 612 1192 657 ipsa
1213 610 1294 644 scri-

169 682 287 717 ptura,
321 687 430 719 neque
460 676 595 709 alterius
620 677 832 722 cujusquam,
872 676 927 720 qui
959 675 1080 720 spiritu
1103 675 1170 707 Dei
1194 672 1296 707 fuerit

170 733 358 779 inspiratus.
407 736 512 780 Quod
537 739 664 772 etiamsi
689 740 799 783 ipsum
824 738 1084 777 concederetur,
1113 749 1181 770 non
1205 735 1296 768 idem

171 808 284 829 sensus
308 797 355 830 ibi
375 799 410 843 6)
435 812 472 832 ex
496 800 560 832 isto
584 813 739 834 sermone
760 798 959 844 ἀσωμάτου
989 798 1172 838 indicatur,
1195 797 1251 842 qui
1265 797 1296 840 ⁷)

174 869 192 889 a
215 859 340 899 graecis
363 869 397 892 et
419 861 598 902 gentilibus
613 862 805 894 auctoribus
829 860 1028 900 ostenditur,
1053 872 1157 904 quum
1182 859 1223 890 de
1246 858 1298 890 in-

177 931 340 963 corporea
370 930 486 954 natura
517 935 535 955 a
568 923 779 968 philosophis
811 923 1008 967 disputatur.
1056 922 1093 953 ln
1117 921 1182 953 hoc
1208 918 1297 952 enim

173 979 293 1013 libello
318 981 558 1027 incorporeum
583 985 800 1017 daemonium
829 984 913 1017 dixit
935 997 999 1028 pro
1025 996 1085 1023 eo,
1113 981 1204 1026 quod
1229 981 1301 1025 ipse

174 1040 246 1083 ille,
271 1042 461 1088 quicunque
487 1054 553 1085 est,
586 1045 717 1079 habitus
740 1045 794 1078 vel
819 1044 1087 1090 circumscriptio
1111 1042 1301 1077 daemonici

175 1103 349 1148 corporis,
379 1118 448 1138 non
479 1115 528 1139 est
557 1107 676 1140 similis
705 1106 783 1139 huie
806 1115 922 1139 nostro
949 1105 1099 1138 crassiori
1124 1114 1157 1137 et
1167 1105 1202 1149 8)
1225 1103 1302 1136 visi-

175 1164 238 1197 bili
261 1166 417 1210 corpori:
447 1169 506 1200 sed
536 1169 721 1202 secundum
752 1182 883 1201 sensum
910 1167 1000 1214 ejus,
1026 1167 1084 1212 qui
1109 1165 1302 1211 composuit

271 1282 302 1326 ¹)
326 1283 569 1317 Desiderantur
603 1286 693 1330 apud
730 1286 863 1318 Januar.
905 1294 938 1318 et
975 1284 1122 1329 Apolog.
1147 1283 1300 1336 Pamph.

179 1327 296 1360 verba:
322 1329 538 1374 „Appellatio
562 1339 673 1363 autem
687 1351 741 1371 —,
767 1341 865 1375 atque
892 1330 982 1362 omni
997 1350 1037 1355 —
1061 1328 1302 1374 requirendum

177 1376 265 1406 est.“

269 1428 304 1473 ²)
330 1430 472 1472 ignatius
503 1440 629 1478 martyr
657 1429 751 1474 epist.
784 1432 824 1464 ad
856 1432 1055 1477 smyrnaeos
1090 1442 1161 1474 cap
1185 1429 1217 1465 3.
1249 1442 1303 1462 en-

180 1474 255 1506 dem
283 1475 403 1508 Christi
429 1477 526 1509 verba
550 1478 702 1520 profert:
729 1477 822 1521 Ἐγώ
853 1478 892 1511 ὸὲ
923 1479 984 1510 καὶ
1006 1475 1104 1531 μετὰ
1121 1475 1186 1516 τὴν
1210 1473 1302 1509 ἀνά-

181 1531 308 1554 στασιν
338 1522 378 1554 ἕν
408 1526 514 1576 σαρκὶ
547 1522 655 1555 αὐτὸν
687 1519 788 1558 οἶδα
821 1525 881 1555 καὶ
905 1520 1059 1555 πιστεύω
1085 1517 1182 1555 ὅντα.
1229 1524 1303 1554 Καὶ

181 1563 238 1600 ὅτε
262 1565 353 1609 ποὸς
375 1565 458 1605 τούς
481 1569 564 1612 πεοὶ
585 1571 728 1610 Πέτρον
751 1565 942 1609 ἐλήλυθεν,
979 1568 1049 1611 ἔφη
1073 1566 1212 1604 αὐτοῖς·
1235 1564 1303 1599 ³02-

180 1615 270 1664 βετε
298 1602 541 1657 ψηλαφήσατέ
557 1625 604 1655 με
627 1615 688 1646 καὶ
713 1613 816 1650 ἴδετε
844 1610 895 1647 ὅτι
921 1611 985 1646 οὐκ
1009 1613 1083 1655 εἰμὶ
1107 1608 1304 1662 δαιμόνιον

183 1654 386 1700 ἀσωματον.
436 1657 526 1690 Haec
558 1657 647 1690 uude
677 1657 823 1690 hauserit
852 1666 982 1690 sanctus
1005 1665 1147 1702 martyr,
1169 1645 1303 1688 nescire

183 1713 217 1733 se
241 1702 364 1734 fatetur
381 1702 545 1735 Eusebius
568 1703 644 1736 hist.
669 1703 785 1735 eccles.
812 1702 870 1736 lib.
887 1703 944 1734 ΙΙΙ.
968 1714 1038 1746 cap.
1052 1700 1123 1736 36ss
1116 1727 1124 1741 ‚
1149 1701 1207 1734 sed
1223 1700 1306 1733 Hie-

181 1759 342 1798 ronymus
373 1746 406 1778 in
431 1749 581 1790 catalogo
605 1747 808 1792 scriptorum
833 1747 1152 1787 ecclesiasticorum,
1180 1745 1240 1778 ubi
1264 1746 1307 1778 de

184 1791 311 1832 Ignatio
336 1791 419 1833 agit,
448 1792 529 1825 haec
553 1794 704 1825 desumta
729 1806 797 1825 esse
822 1792 867 1825 ait
893 1793 955 1833 „de
979 1791 1181 1833 Evangelio,
1213 1791 1305 1835 quod

183 1849 292 1880 nuper
313 1849 330 1869 a
355 1849 408 1868 me
432 1838 628 1871 transituum
653 1841 738 1876 est,“
770 1850 911 1889 nempe
924 1838 964 1869 de
997 1835 1169 1877 evangelio
1200 1835 1307 1869 Naza-

183 1894 351 1915 raeorum.
399 1882 491 1914 ldern
523 1892 663 1915 testatur
692 1883 871 1926 prooemio
903 1882 935 1914 in
962 1881 1019 1916 lib.
1047 1882 1177 1914 XVlll.
1203 1880 1306 1914 Com-

183 1935 322 1959 mentar.
347 1927 381 1959 iu
403 1927 559 1962 Jesaiam.
613 1926 774 1968 Origenes
802 1937 912 1960 tamen
943 1927 1007 1958 hoc
1029 1925 1202 1978 praesenti
1225 1926 1305 1958 loco

184 1984 252 2004 nou
277 1984 314 2003 ex
339 1985 451 2014 evang.
474 1973 732 2012 Nazameormn,
756 1973 814 2005 sed
840 1986 899 2013 „ex
917 1971 1081 2004 Doctrina
1097 1969 1209 2003 Petri“
1236 1971 1306 2003 lau-

186 2017 242 2048 dat
266 2016 384 2049 Christi
410 2019 528 2058 verba;
558 2030 672 2049 verum
702 2017 736 2049 in
760 2028 903 2062 utroque
927 2016 1122 2062 apocrypho
1148 2028 1217 2048 esse
1244 2028 1306 2060 po-

186 2071 331 2095 tuerunt.
356 2063 395 2095 R.
421 2082 460 2087 ——
487 2063 556 2096 Cfr.
582 2063 634 2098 ed.
657 2063 787 2107 Redep.
811 2076 883 2107 pag.
907 2061 960 2096 94.
984 2070 1055 2094 not.
1075 2060 1127 2095 12·

277 2117 311 2161 ³)
334 2118 421 2151 Edd.
447 2119 494 2152 Μ.
522 2119 616 2160 „sit.“
711 2118 745 2164 ⁴)
769 2119 831 2152 Ed.
856 2119 904 2151 M.
930 2118 970 2151 11.
997 2116 1143 2161 „quod.“

279 2174 311 2218 ⁵)
335 2174 396 2208 Ed.
424 2174 471 2208 M.
498 2175 541 2208 II.
567 2176 711 2220 „quod.“
807 2175 840 2220 ⁶)
866 2175 972 2206 Deest
996 2172 1084 2215 „ibi“
1109 2170 1143 2203 in
1168 2170 1244 2205 edd.
1256 2171 1304 2204 M.

277 2229 310 2275 7)
336 2231 391 2264 Sic
416 2231 494 2264 Mss.
530 2231 621 2263 Alias
645 2244 724 2264 vero
749 2230 795 2275 (v.
818 2243 844 2262 c.
862 2230 894 2262 in
916 2229 990 2262 edd.
1008 2226 1073 2269 Μ.)
1099 2225 1178 2271 „qui
1202 2226 1306 2259 Grae-

187 2276 232 2309 cis
257 2277 309 2313 ve!
333 2276 530 2318 gentilibus“
558 2285 619 2309 etc.
643 2277 682 2309 R.
778 2275 812 2320 Θ)
836 2274 923 2309 Edd.
948 2274 994 2309 M.
1021 2271 1128 2314 „vel.“
