1404 2463
408 122 454 145 DE
479 111 675 144 Pam-omns
695 110 807 144 Lmen
832 112 854 143 1.
1156 111 1196 146 17

63 211 195 243 sanct03
219 214 286 234 non
310 201 421 234 solum
446 209 557 233 autem
583 200 625 231 de
649 199 710 239 his,
735 200 794 232 sed
820 209 851 232 et
869 201 911 232 de
933 201 1005 234 aliis
1026 203 1194 242 creaturis,

62 264 97 296 id
122 273 181 303 est,
206 263 259 295 vel
285 263 326 295 de
350 260 668 300 Dominationibus,
692 262 745 294 vel
770 262 812 294 de
837 261 1027 294 Virtutibus
1052 263 1191 307 sancti-s:

60 334 202 369 propter
226 325 290 356 hoc
314 322 534 356 necessarium
560 322 693 354 videtur
716 322 808 366 prius
834 323 939 355 dehis
956 322 1094 365 singulis
1119 337 1190 356 cer·

59 395 127 418 tam
153 386 293 425 lineam,
325 385 602 428 manifestamque
635 383 782 426 regulam
817 386 1002 428 ponere,¹)
1034 394 1106 417 tum
1132 387 1190 418 de-

58 448 136 480 inde
162 448 262 480 etiam
286 447 326 479 de
352 445 470 478 ceteris
495 458 663 489 quaerere.
710 444 806 478 Sicut
837 445 926 477 enim
959 446 1074 478 multis
1098 448 1189 491 apud

59 509 206 541 Graecos
231 517 263 540 et
288 508 453 540 Barbaros
478 506 718 551 pollicentibus
745 506 937 547 veritatem,
961 507 1186 552 desivimus²)

58 571 146 615 apud
171 581 285 602 omnes
310 581 381 600 eam
407 581 575 614 quaerere,
601 567 658 612 qui
684 580 756 600 earn
782 567 871 600 falsis
897 569 1113 612 opinionibus
1138 584 1186 602 as—

2 655 4 658 >
55 633 226 672 serebant,
260 630 478 675 posteaquam
510 628 713 662 credidimus
743 629 870 661 Filium
895 630 962 662 Dei
996 643 1064 663 esse
1090 630 1186 664 Chri-

56 702 160 733 stum,
193 701 225 724 et
255 692 295 724 ab
327 691 401 735 ipso
426 690 524 723 nobis
548 690 631 722 hanc
643 690 676 734 ³)
710 690 902 723 discendam
927 704 996 724 esse
1020 693 1185 736 persuasi-

54 767 146 787 mus:
176 753 222 786 ita
254 766 329 786 cum
360 752 459 784 multi
490 751 571 791 sint,
604 751 661 795 qui
692 764 726 783 se
750 760 869 795 putant
882 751 915 796 ⁴)
950 753 1074 786 sentire
1099 767 1183 798 quae

55 815 178 848 Christi
204 823 292 854 sunt,
317 823 351 846 et
370 813 526 846 nonnulli
562 825 680 845 eorum
714 811 843 845 diversa
874 826 892 845 a
914 814 1084 859 prioribus
1108 829 1183 849 sen—

53 877 154 918 tiant,
184 885 335 909 servetur
362 889 441 909 vero
458 875 490 920 ⁵)
529 873 752 907 ecclesiastica
781 875 986 919 praedicatio
1016 890 1078 921 per
1108 891 1182 910 suc—

54 938 210 971 cessionis
234 938 388 970 ordinem
412 938 454 970 ab
478 935 641 981 apostolis
666 935 804 975 tradita,
836 945 869 968 et
892 950 997 982 usque
1020 939 1062 971 ad
1085 952 1182 983 prae-

52 1013 125 1034 sens
149 1000 229 1044 infi)
254 999 401 1032 ecclesiis
433 1007 649 1043 permanens:
680 996 739 1029 illa
762 997 834 1029 sola
859 999 1024 1032 credenda
1050 1009 1099 1033 est
1123 1013 1180 1033 ve-

51 1063 147 1102 ritas,
179 1074 262 1106 quae
294 1061 328 1093 in
357 1060 454 1092 nullo
486 1061 527 1092 ab
541 1061 573 1104 ⁷)
609 1058 831 1091 ecclesiastica
863 1069 895 1092 et
918 1060 1105 1105 apostolica
1129 1062 1179 1094 di-

49 1125 184 1158 scordat
204 1122 396 1156 traditione.

139 1185 171 1220 3.
218 1184 308 1217 Illud
339 1180 495 1224 autemss)
529 1180 613 1213 scire
644 1190 797 1225 oportet,
837 1182 997 1226 quoniam
1009 1183 1042 1227 ⁹)
1074 1185 1177 1217 sancti

51 1246 199 1292 apostoli
229 1247 332 1278 {idem
364 1243 488 1277 Christi
519 1241 764 1286 praedicantes,
801 1243 842 1275 de
874 1243 1072 1288 quibusdam
1102 1246 1176 1290 qui-

50 1309 138 1348 dem,
164 1318 381 1352 quaecunque
396 1307 448 1347 ¹⁰)
474 1303 658 1336 necessaria
682 1303 913 1345 crediderunt,
938 1306 1105 1346 omnibus,
1122 1308 1128 1326 ¹
1144 1308 1176 1351 ¹)

50 1370 149 1402 etiam
172 1370 239 1408 his,
265 1368 320 1412 qui
342 1365 505 1411 pigriores
529 1377 604 1407 erga
628 1364 878 1410 inquisitionem
910 1366 1044 1400 divinae
1067 1369 1175 1402 scien-

48 1432 113 1464 tiae
137 1430 354 1468 videbamur,
384 1426 650 1460 manifestissime
674 1427 901 1469 tradiderunt,
924 1429 1088 1463 rationem
1112 1431 1175 1464 sci-

48 1492 129 1525 licet
151 1490 340 1525 assertionis
372 1502 490 1523 eorum
520 1488 748 1533 relinquentes
775 1489 816 1522 ab
846 1489 897 1523 his
926 1490 1174 1537 inquirendam,

144 1660 174 1705 ¹)
200 1660 264 1694 Ed.
288 1634 339 1693 M.
363 1661 389 1693 I.
416 1671 580 1704 »ponerez
611 1666 682 1690 tum
712 1657 848 1689 demum
874 1657 974 1690 etiam
999 1671 1170 1704 quaerere.

47 1705 161 1739 Sicut«
188 1715 249 1738 etc.

140 1761 174 1805 2)
200 1761 257 1795 Sic
287 1773 404 1793 omnes
432 1760 513 1793 Mss.
545 1757 682 1793 Merlin.
705 1766 739 1790 et
764 1757 970 1792 Genebrard.
998 1758 1170 1792 »desuevi-

48 1819 153 1840 mus.«
178 1807 219 1840 R.
312 1806 346 1850 ³)
371 1806 477 1838 Deest
503 1805 626 1837 »hanc«
651 1803 686 1836 in
712 1803 838 1837 ed.⁴M.
862 1804 888 1836 Ι.

139 1863 172 1907 ⁴²)
197 1862 283 1896 Edd.
307 1861 406 1896 Meri.
431 1870 603 1907 »putent«

140 1919 172 1962 ⁵)
198 1919 303 1951 Deest
327 1930 447 1951 »vero«
472 1918 508 1950 in
531 1917 585 1950 ed.
608 1916 658 1950 M.
683 1917 708 1949 l.

140 1975 175 2019 ὃ)
199 1973 419 2006 Desideratur
443 1973 515 2006 »in«
540 1973 576 2006 in
600 1974 651 2006 ed.
675 1974 725 2007 M.
750 1973 776 2006 Ι.

140 2030 174 2074 ⁷)
199 2030 257 2064 Sic
281 2042 397 2063 omnes
427 2030 508 2064 Mss.
553 2030 592 2063 ln
620 2038 716 2063 antea
748 2027 846 2061 editis
877 2027 924 2073 (v.
950 2040 977 2060 c.
1002 2027 1078 2064 edd.
1101 2027 1168 2071 M.)

47 2077 167 2109 desunt
189 2076 310 2107 verba:
336 2084 391 2107 »et
413 2075 627 2119 apostolicas(
652 2075 693 2107 R.

141 2131 175 2176 ⁸)
200 2130 288 2163 Edd.
314 2131 363 2163 M.
389 2139 551 2163 »tamem«
644 2132 677 2177 ⁹)
702 2130 765 2164 Ed.
788 2130 837 2163 M.
863 2129 906 2163 Il.
933 2129 1077 2174 »quod.«

122 2186 175 2231 ¹⁰)
200 2186 263 2220 Ed.
288 2187 336 2220 M.
360 2186 387 2219 I.
402 2194 651 2232 '»quaecunque
676 2197 708 2220 et
729 2186 933 2220 necessaria«
960 2194 1023 2220 etc.

120 2242 174 2287 ¹¹)
200 2242 256 2276 Sic
280 2254 396 2275 omnes
424 2242 507 2276 Mss.
536 2241 672 2275 Merlin.
704 2251 737 2275 et
760 2242 968 2278 Genebrard.
994 2240 1170 2275 »omnibus

49 2287 272 2328 credentibus,
297 2287 397 2321 etiam
419 2287 480 2328 his,
506 2287 582 2333 qui«
609 2296 672 2322 etc.
695 2287 736 2320 R.

95 2350 272 2385 Omenms
298 2349 435 2384 OPERA.
461 2349 558 2384 ΤοΜ.
582 2349 677 2382 XXI.
953 2349 976 2383 2
