1404 2463
422 131 466 153 ΒΕ
493 121 686 154 ancipus
712 120 785 153 Lm.
813 121 867 153 lV.
1149 120 1211 155 461

88 219 206 250 tactus,
231 222 339 255 neque
365 209 559 252 magnitudo
584 209 800 251 intelligenda
824 210 884 253 εῖτ,
908 219 1020 242 mente
1045 211 1115 242 sola
1142 223 1221 242 con-

88 273 277 316 spicabilis,
309 285 408 316 quam
440 281 543 316 prout
577 272 647 303 vult
679 271 768 316 quis,
809 273 854 304 ita
879 281 911 304 et
935 272 1105 313 nominat3
1142 285 1220 304 nam

89 334 211 367 Graeci
236 331 431 380 ἀσώματον
456 346 538 371 eam,
572 332 605 364 id
633 342 681 364 est
706 333 955 377 incorpoream,
980 334 1145 373 dixerunt,
1171 334 1220 366 di-

90 394 184 428 vinae
219 408 297 428 vero
326 395 520 439 Scripturae
546 393 747 426 invisibilem
773 408 842 427 esse
868 396 1106 440 pronunciant:
1139 396 1221 428 ima-

88 457 198 499 ginem
230 457 317 489 enim
343 456 519 489 invisibilis
544 455 610 488 Dei
628 456 657 499 ¹)
682 456 807 488 Paulus
833 457 913 490 dicit
938 470 1008 490 esse
1033 458 1220 498 Christum;

88 519 146 551 sed
181 527 213 550 et
245 531 376 550 rursum
411 531 472 562 per
497 518 666 551 Christum
703 527 810 550 creata
843 519 926 551 (lixit
958 520 1073 563 esse2)
1107 519 1220 552 omnia

89 579 233 612 visibilia
267 588 300 611 et
329 579 520 612 invisibilia.
569 579 634 611 Per
671 580 762 623 quod
795 580 985 613 declaratur
1017 594 1086 613 esse
1120 581 1219 614 etiam

88 641 123 674 in
155 640 315 690 creaturis
352 641 511 685 quasdam
546 639 731 673 invisibiles
762 643 945 674 secundum
977 642 1220 687 proprietatem

88 716 181 736 suam
212 701 419 735 substantias.
468 702 535 735 Sed
568 702 627 734 hae
661 703 810 747 quamvis
840 703 930 747 ipsae.
961 717 1029 736 non
1058 704 1122 736 sint
1148 718 1221 736 cor-

87 777 230 810 poreae,
263 773 404 796 utuntur
435 773 545 796 tamen
579 764 801 807 corporibus,
834 764 912 797 licet
942 765 1032 809 ipsae
1057 766 1122 798 sint
1147 779 1221 798 cor-

87 839 191 871 porea
216 825 396 859 substantia
423 825 591 858 meliores.
643 825 701 857 tlta
727 839 805 858 vero
831 827 1013 860 substantia
1037 827 1221 868 Trinitatis,

89 901 172 933 quae
196 887 402 933 principium
429 895 478 919 est
503 895 535 918 et
559 899 655 919 cansa
680 887 850 928 omnium,
874 901 911 921 ex
936 902 1000 934 qua
1026 889 1156 930 omnia,
1188 899 1221 922 et

87 963 149 994 per
173 962 270 994 quam
297 949 427 988 omnia,
453 958 485 980 et
509 948 544 980 in
569 961 632 993 qua
657 949 789 991 omnia,
813 963 921 995 neque
948 963 1087 995 corpus,
1111 964 1221 996 neque

87 1011 121 1043 in
154 1023 298 1055 corpore
330 1023 399 1043 esse
432 1009 598 1042 credenda
631 1019 697 1049 est,
737 1012 796 1043 sed
833 1025 871 1044 ex
903 1021 977 1044 toto
1007 1011 1220 1057 incorporea.

86 1073 213 1105 Verum
250 1073 331 1105 haec
364 1085 426 1116 per
451 1084 619 1104 excessum
647 1074 870 1117 quendam,³)
907 1073 955 1106 rei
980 1083 1090 1107 tamen
1116 1074 1219 1119 ipsius

90 1133 328 1179 consequentia
374 1133 601 1166 commonitos
647 1134 794 1166 breviter
833 1134 953 1167 dixisse
992 1135 1137 1169 sufficiat
1177 1138 1217 1169 ad

89 1196 334 1228 ostendendum
360 1195 413 1234 id,
447 1196 538 1240 quod
563 1204 641 1227 sunt
666 1197 847 1240 quaedam,
880 1209 1024 1241 quorum
1040 1198 1072 1241 4)
1097 1198 1220 1240 signifi-

89 1257 174 1289 catio
206 1257 345 1302 proprie
373 1257 475 1290 nullis
507 1257 646 1289 omnino
671 1267 783 1301 potest
808 1257 970 1290 humanae
997 1259 1127 1300 linguae
1151 1273 1220 1292 ser-

87 1319 244 1352 monibus
269 1318 439 1363 explicari,
463 1319 521 1351 sed
547 1319 757 1363 simpliciore
782 1320 885 1361 magis
909 1319 1094 1361 intellectu,
1120 1335 1218 1366 quam

87 1379 166 1412 ullis
199 1380 380 1412 verborum
406 1379 672 1425 proprietatibus
697 1380 918 1414 declarantur.
968 1383 1018 1414 Ad
1044 1396 1142 1427 quam
1167 1397 1219 1416 re-

86 1441 197 1483 gulam
237 1441 336 1473 etiam
373 1441 558 1474 divinarum
595 1441 766 1474 literarum
797 1442 1014 1484 intelligentia
1046 1444 1219 1479 retinenda

87 1512 153 1544 est,
195 1516 262 1547 quo
293 1502 422 1546 scilicet
453 1516 506 1545 ea,
543 1516 626 1548 quae
652 1503 826 1544 dicuntur,
863 1517 932 1536 non
958 1518 1020 1549 pro
1046 1506 1218 1548 vilitate5)

86 1565 268 1605 sermonis,
303 1565 363 1597 sed
393 1578 456 1610 pro
490 1564 665 1598 divinitate
680 1565 712 1611 ⁶)
745 1565 850 1598 sancti
874 1565 1037 1610 Spiritus,
1077 1568 1133 1612 qui
1166 1581 1219 1601 eas

90 1626 257 1659 conscribi
281 1626 476 1671 inspiravit,
501 1636 706 1659 censeantur.

182 1763 212 1806 ¹)
240 1761 296 1795 Sic
328 1760 410 1796 Mss.
436 1761 529 1794 Editi
554 1774 633 1794 vero
667 1762 714 1805 (v.
740 1774 768 1793 c.
795 1761 870 1793 edd.
897 1762 962 1804 Μ.)
991 1763 1077 1804 „Dei
1103 1764 1219 1798 dicunt

88 1821 157 1841 esse
184 1808 387 1840 Christum.“
414 1808 453 1839 R.
481 1827 521 1833 —
556 1808 625 1840 Cfr.
649 1806 779 1840 Coloss.
805 1807 828 1844 Ι,
856 1807 906 1840 15.

179 1865 213 1908 ²)
237 1864 344 1896 Deest
370 1866 482 1905 „esse“
507 1862 541 1895 in
566 1863 642 1895 edd.
667 1863 716 1895 M.
742 1883 782 1888 —
810 1862 877 1896 Csr.
907 1863 1038 1898 Coloss.
1066 1865 1089 1907 l,
1115 1867 1166 1901 16,

178 1920 212 1963 ³)
237 1919 301 1953 Ed.
327 1920 375 1952 M.
402 1919 426 1951 I.
452 1931 646 1963 perperam:
673 1919 894 1963 „quandam.“

179 1974 212 2018 ⁴)
238 1974 296 2008 Sic
321 1975 401 2009 Mss.
426 1974 516 2007 Editi
542 1976 587 2018 (v.
615 1988 640 2007 c.
667 1975 743 2007 edd.
768 1974 838 2018 Μ.)
865 1987 1029 2018 „quorum
1054 1977 1217 2019 significa-

87 2020 214 2053 tionem
232 2020 372 2064 proprie
389 2020 501 2052 nullus
522 2020 661 2053 omnino
677 2040 717 2045 —
731 2019 944 2052 sermonibus
962 2022 1162 2066 explicare.“
1178 2026 1218 2059 Ρι.

181 2076 213 2118 ⁵)
240 2075 296 2108 Sic
321 2085 411 2108 recte
437 2075 576 2108 omnino
603 2076 682 2108 Mss.
708 2075 800 2109 Male
825 2075 904 2106 editi
931 2076 974 2120 (v.
1001 2091 1027 2111 c.
1054 2079 1131 2113 edd.
1149 2081 1217 2124 M)

89 2120 286 2163 „utilitate.“
314 2121 353 2154 R.
448 2121 482 2162 ⁶)
507 2121 570 2153 Ed.
596 2122 644 2154 Μ.
673 2122 712 2154 ΙΙ.
735 2119 948 2162 „dignitate.“
