1404 2463
187 79 231 114 64
665 81 840 116 Omssssms

184 169 274 210 bilis,
298 169 427 202 etiamsi
450 169 656 212 glorificatur
680 171 713 204 in
740 171 899 217 operibus
923 169 1079 216 justitiae,
1105 170 1158 202 vel
1182 169 1313 214 sapien-

184 231 262 272 tiae,
286 244 348 276 per
369 231 434 263 hoc
457 231 568 276 ipsum
591 242 720 272 tamen,
751 234 843 278 quod
868 232 1074 265 accidentem
1098 230 1198 264 habet
1219 231 1314 278 justi-

185 293 266 326 tiam
290 292 341 324 vel
365 292 571 338 sapientiam,
597 304 628 327 et
653 294 745 340 quod
770 294 833 326 hoc
858 293 951 338 quod
975 292 1108 333 accidit,
1131 293 1231 326 etiam
1255 294 1314 326 de-

187 355 299 388 cidere
322 363 449 399 potest:
475 355 583 397 gloria
605 356 674 402 ejus
697 356 824 389 sincera
837 368 874 388 ac
893 353 1127 399 limpidissima
1151 367 1221 387 esse
1243 368 1313 388 non

185 426 308 462 potest.
356 416 526 461 Sapientia
556 431 634 451 vero
667 417 750 458 Dei,
788 429 872 462 quae
904 425 954 449 est
983 415 1174 458 unigenitus
1203 415 1313 449 Filius

187 478 267 524 ejus,
293 477 450 523 quoniam
474 478 509 510 in
534 479 688 512 omnibus
705 477 969 512 inconvertibilis
994 487 1044 510 est
1067 487 1101 510 et
1123 477 1313 510 incommu-

187 540 308 580 tabilis,
333 553 366 572 es
390 540 605 591 subit-antiale
629 541 662 573 in
687 554 726 574 eo
753 553 852 573 omne
875 540 1002 573 bonum
1030 548 1094 580 est,
1131 540 1223 584 quod
1246 539 1313 572 uti-

186 616 250 647 que
274 601 396 634 mutari
419 611 517 646 atque
543 602 689 635 converti
714 615 885 648 nunquam
909 610 1040 646 potest,
1075 600 1205 634 idcirco
1229 614 1314 646 pura

187 663 255 710 ejus
280 677 317 696 ac
341 663 467 696 sincera
490 663 594 705 gloria
618 663 842 708 praedicatur.

272 725 325 760 11.
350 724 466 757 Tertio
483 726 513 769 ¹)
537 724 661 758 dicitur
683 725 845 770 sapientia
871 736 940 757 esse
965 724 1128 769 splendor
1153 723 1238 757 lucis
1258 737 1313 757 ae-

183 797 319 821 ternae:
344 785 436 832 cujus
460 785 509 818 rei
534 786 690 819 virtutem
710 785 776 831 jam
793 786 826 818 in
852 785 929 830 (59)
952 785 1231 830 praecedentibus
1256 799 1313 819 ex-

184 848 370 894 posuimus,
394 861 470 880 cum
487 847 567 881 solis
583 847 849 888 similitudinem,
874 856 908 880 et
926 847 1099 880 radiorum
1118 847 1188 893 ejus
1201 848 1314 892 splen-

185 911 304 944 dorem
336 909 600 949 introduximus,
639 918 672 941 et
694 922 758 954 pro
787 909 910 942 viribus
941 908 1064 941 nostris
1095 909 1314 949 ostendimus,

185 971 360 1016 quomodo
392 971 457 1002 hoc
490 971 628 1003 deberet
658 970 811 1013 intelligi.
865 970 1040 1003 Addemus
1072 979 1185 1003 tamen
1211 970 1313 1003 etiam

183 1034 250 1066 hoc
274 1045 388 1065 unum.
435 1032 686 1077 Sempitemum
703 1032 737 1077 ²)
770 1032 823 1064 vel
856 1041 1030 1064 aeternum
1062 1031 1201 1076 proprie
1232 1032 1314 1065 dici-

185 1105 248 1134 tur,
274 1095 367 1139 quod
395 1106 504 1138 neque
536 1093 669 1126 initium
700 1103 738 1127 ut
769 1103 853 1126 esset
882 1092 1015 1133 habuit,
1046 1106 1156 1138 neque
1187 1106 1313 1126 cessare

183 1169 332 1202 unquam
355 1165 469 1200 potest
485 1156 517 1200 ³)
552 1169 622 1188 esse
656 1156 749 1200 quod
781 1164 838 1189 est.
886 1155 963 1188 Hoc
986 1164 1099 1188 autem
1123 1155 1315 1198 designatur

184 1219 274 1262 apud
298 1218 483 1258 Joannem,
520 1230 596 1250 cum
621 1217 721 1258 dicit,
760 1216 922 1262 quoniam
953 1217 1068 1258 „Deus
1082 1215 1115 1262 4)
1146 1217 1202 1250 lux
1233 1221 1313 1250 est.“

184 1280 356 1324 Splendor
380 1288 493 1312 autem
518 1279 601 1312 lucis
626 1278 695 1324 ejus
716 1278 877 1323 sapientia
893 1291 951 1311 sua
967 1278 1000 1323 ⁵)
1026 1287 1086 1319 est,
1110 1292 1179 1312 non
1202 1280 1315 1313 solum

183 1342 368 1374 secundum
392 1341 484 1385 quod
508 1340 564 1372 lux
589 1349 648 1378 est,
672 1341 731 1372 sed
756 1348 789 1372 et
812 1341 995 1372 secundum
1009 1340 1043 1385 6)
1070 1341 1164 1385 quod
1187 1341 1314 1386 sempi-

182 1412 278 1436 terna
304 1403 359 1434 lux
384 1410 449 1441 est,
474 1401 519 1435 ita
543 1410 580 1434 ut
604 1411 774 1441 aeternus,
807 1410 840 1433 et
859 1400 1063 1434 aeternitatis
1087 1402 1251 1446 splendor
1272 1402 1314 1436 sit

183 1464 347 1509 sapientia
370 1475 438 1496 sua.
488 1461 593 1506 Quod
616 1462 643 1495 si
667 1462 794 1504 integre
811 1461 1028 1505 intelligatur,
1053 1463 1228 1496 manifeste
1254 1465 1312 1497 de-

184 1580 391 1624 glorificatur
420 1579 453 1611 in
488 1599 547 1619 —,
578 1579 631 1611 vel
661 1578 841 1624 sapientiae
882 1593 950 1632 per
981 1580 1098 1612 Jesum
1132 1579 1314 1620 Christum,

183 1627 278 1670 (edd.
305 1626 352 1658 M
373 1638 438 1670 per
461 1626 577 1658 Jesum
600 1625 785 1669 ipsum‚)q
788 1625 857 1657 uod
881 1624 1092 1658 accidentem
1118 1645 1159 1650 —-
1183 1626 1314 1670 sapien-

183 1673 275 1712 tiam,
302 1680 334 1703 et
359 1671 452 1721 quod
475 1669 622 1709 accidet,
642 1670 747 1721 (edd.
771 1670 818 1702 NI.
843 1671 986 1714 accidit)
1025 1669 1124 1702 etiam
1157 1671 1313 1703 decidere

183 1726 312 1761 potest:
343 1715 450 1757 gloria
479 1724 590 1747 tamen
621 1714 690 1761 ejus
715 1735 756 1740 —
790 1714 1024 1759 limpidissima
1063 1715 1220 1748 decidere
1244 1729 1312 1748 non

183 1771 304 1807 potest.
310 1765 327 1781 ‘⁴
352 1761 392 1794 R.

279 1818 323 1868 ¹)
334 1815 392 1850 Sic
425 1816 504 1848 Mss.
537 1815 628 1847 Alias
662 1816 708 1860 (v,
735 1828 761 1848 c.
786 1814 821 1847 in
846 1816 923 1848 edd.
949 1815 1015 1861 Μ.)
1051 1815 1188 1857 „Tertia
1217 1816 1312 1849 Deus

182 1861 345 1907 sapientia
370 1870 428 1900 est,
455 1870 486 1892 et
511 1860 693 1904 splendor“
721 1870 784 1895 etc.
810 1861 848 1893 R.

275 1919 308 1961 ²)
333 1917 471 1949 Exstant
495 1917 608 1949 vzerba
635 1915 907 1960 „Sempiternum
931 1935 980 1956 -‚
1006 1915 1081 1958 nisi,
1103 1924 1142 1948 ut
1158 1915 1312 1958 diximus,

182 1963 254 1996 ab
246 1976 320 2007 ipso
346 1962 455 2001 Deo,·‘
482 1961 515 1993 in
540 1962 687 2006 Apolog.
710 1962 816 2005 Pamp
820 1961 890 1994 hili.
924 1961 993 1994 Cfr.
1019 1961 1112 2003 Orig.
1139 1961 1170 1994 Ο
1174 1975 1229 2006 pp
1259 1962 1311 1995 ed.

182 2008 289 2040 Ruaei
314 2008 413 2040 Tom.
440 2007 495 2037 lV.
519 2007 707 2051 Appendic.
731 2019 804 2052 pag.
795 1975 874 2041 p.25
901 2006 978 2039 coll.
1004 2007 1055 2039 ed.
1079 2015 1184 2039 nostr.
1209 2007 1309 2039 Tom.

182 2054 309 2086 XXIV.
334 2064 407 2096 pag.
434 2050 510 2086 332.
535 2065 602 2096 seq.

275 2109 309 2152 ³)
335 2107 391 2141 Sic
424 2107 503 2139 Mss.
535 2106 624 2140 Alias
656 2108 700 2152 (v.
725 2121 753 2140 c.
785 2107 818 2139 in
851 2107 927 2140 edd.
958 2107 1024 2152 M.)
1057 2115 1190 2152 „potest
1229 2119 1308 2140 esse.

185 2152 277 2196 Quid
303 2162 414 2186 autern
438 2152 502 2184 hoc
526 2152 577 2192 sit,
603 2153 811 2195 designatur“
839 2162 900 2185 etc.
927 2153 955 2186 R

271 2210 305 2254 ⁴)
331 2209 346 2241 I
370 2209 489 2241 Joann.
515 2207 539 2246 l,
564 2208 594 2241 5.
691 2209 724 2253 5)
748 2209 853 2242 Deest
880 2179 979 2249 „suai‘
1004 2208 1038 2240 in
1061 2207 1137 2240 edd.
1162 2207 1211 2241 M.

238 2288 245 2293 -
275 2265 309 2309 ⁶)
334 2265 420 2298 Edd.
446 2265 493 2297 M.
521 2265 724 2305 „secundum
750 2265 784 2297 id
809 2265 923 2310 qu0d“
952 2273 1012 2297 etc.
