1404 2463
202 43 266 78 128
667 47 841 79 OmGEms

201 146 299 178 quam
323 135 477 179 profecto
502 135 698 181 injustitiam
722 136 846 181 capiet:
882 145 914 168 et
939 136 1076 167 verbum
1102 144 1166 175 est,
1192 135 1244 167 vel
1269 147 1319 166 ra-

199 196 268 235 tio,
299 208 383 240 quae
413 196 529 241 utiquc
560 197 797 231 irrationabilis
823 197 910 230 effici
935 210 1001 228 non
1025 205 1147 240 potest.
1193 195 1261 230 Sed
1286 204 1318 227 ct

200 257 255 289 lux
279 267 345 298 est,
371 268 403 290 et
427 259 537 291 lucem
563 270 689 293 certum
715 269 761 293 cst
787 260 878 304 quod
902 260 1057 291 tenebrae
1079 270 1147 289 non
1166 269 1319 300 compre-

198 320 354 352 hendant.
392 320 556 354 Similiter
580 335 713 366 quoque
739 331 771 354 et
794 331 911 353 natura
927 320 1070 364 Spiritus
1094 318 1208 358 sancti,
1234 332 1317 363 quae

198 391 309 414 sancta
333 391 398 421 est,
421 396 488 414 nun
513 383 633 427 recipit
656 383 898 428 poiiutionem:
923 381 1116 415 naturaliter
1139 382 1239 421 enirn,
1264 381 1317 412 vel

198 443 456 476 substantialiter
478 454 588 477 sancta
613 455 670 477 est.
704 445 739 479 Si
767 458 830 490 qua
855 457 964 477 autem
990 444 1050 476 alia
1076 453 1192 476 natura
1209 440 1318 475 sanc‘ta

199 515 266 545 est,
301 519 338 538 ex
369 506 571 538 assumtione
597 508 660 539 hoc
676 507 704 550 ¹)
731 508 783 539 vel
807 506 1023 550 inspiratione
1048 506 1191 550 Spiritus
1213 505 1317 538 sancti

198 568 311 611 habet,
343 577 381 599 ut
403 568 644 609 sanctificetur,
676 581 742 601 non
768 582 805 601 ex
829 581 885 601 sua
909 577 1023 600 natura
1048 568 1110 599 boc
1134 567 1318 611 possidens,

199 631 257 663 sed
294 629 445 662 accidens
483 629 612 674 sibi,²)
650 639 791 674 propter
823 631 915 674 quod
957 640 988 662 et
1021 629 1176 662 decidere
1207 639 1318 674 potest

199 693 290 736 quod
321 692 451 726 accidit.
497 691 544 724 lta
581 701 613 724 et
644 691 849 724 accidentem
887 692 1045 737 justitiam
1084 692 1156 736 quis
1196 693 1318 724 habere

198 754 373 798 potest,³)
404 754 492 786 unde
531 763 563 786 et
594 753 750 785 decidere
781 766 852 785 eam
883 753 1042 797 possibile
1075 763 1134 787 est.
1186 754 1254 787 Sed
1286 763 1319 786 et

197 815 394 859 sapientiam
427 814 500 859 quis
534 814 741 846 accidentem
772 815 988 848 nihilominus
1019 815 1133 855 habet,
1169 815 1317 860 quamvis

199 876 231 909 in
263 885 374 908 nostra
404 876 551 920 positum
583 876 625 908 sit
657 885 843 920 potestate,
872 877 983 910 studio
1022 887 1136 910 nostro
1169 886 1201 910 et
1231 877 1317 909 vitae

197 938 336 978 merito,
367 938 394 970 si
429 937 606 982 sapientiae
633 951 769 982 operam
794 939 926 978 damus,
957 939 1043 971 effici
1069 939 1250 984 sapientes,
1285 949 1318 972 et

197 1000 224 1033 si
247 1000 424 1045 semper⁴)
449 999 483 1032 id
508 999 608 1032 studii
633 1012 801 1041 geramus,
823 1012 955 1044 semper
977 1001 1157 1045 sapientiae
1183 1001 1316 1046 partici-

198 1063 378 1107 pemus,⁵)
417 1071 450 1094 et
472 1061 507 1093 id
531 1061 628 1093 nobis
652 1061 706 1093 vel
730 1061 822 1105 plus,
858 1062 911 1094 vel
935 1062 1043 1095 minus
1066 1062 1210 1103 accidat,
1247 1063 1316 1095 sive

197 1137 260 1169 pro
285 1123 407 1156 merito
433 1123 536 1162 vitae,
575 1122 642 1155 sive
672 1136 735 1167 pro
760 1123 861 1155 studii
885 1124 1077 1168 quantitate.
1125 1124 1317 1167 Benignitas

199 1186 286 1218 enim
310 1185 396 1224 Dei,
425 1185 607 1217 secundum
633 1185 724 1228 quod
747 1197 781 1216 se
806 1185 941 1227 dignum
966 1195 1029 1226 est,
1059 1196 1220 1230 provocat
1244 1200 1317 1220 om-

197 1248 269 1287 nia,
301 1257 333 1280 et
356 1247 490 1279 attrahit
512 1247 554 1278 ad
577 1247 711 1278 beatum
735 1247 835 1278 {inem
860 1247 974 1289 illum,
1009 1247 1066 1280 ubi
1078 1247 1111 1292 6)
1137 1248 1261 1281 decidit
1285 1257 1317 1281 et

198 1309 325 1351 aufugit
350 1308 457 1340 omnis
483 1309 600 1348 dolor,
628 1318 660 1341 et
684 1308 834 1347 tristitia,
860 1319 890 1341 et
914 1310 1062 1351 gemitus.

287 1372 318 1405 4.
365 1371 452 1403 Puto
486 1383 581 1411 ergo,
611 1371 792 1402 secuudum
823 1371 913 1414 quod
938 1371 1019 1402 mihi
1046 1371 1191 1412 videtur,
1224 1373 1314 1417 quod

198 1433 401 1477 praecedens
433 1431 612 1476 disputatio
637 1431 840 1464 sufficienter
864 1432 1108 1477 ostenderit‚⁷)
1132 1434 1224 1478 quod
1247 1447 1315 1466 non

198 1495 398 1534 indiscreto,
421 1494 474 1526 vel
497 1494 637 1526 fortuito
662 1493 774 1536 aliquo
800 1493 938 1536 casu,⁸)
964 1494 1014 1526 vel
1039 1494 1244 1539 principatus
1268 1505 1317 1528 te-

293 1625 324 1668 ¹)
349 1623 440 1656 Libri
466 1622 564 1654 editi:
599 1622 726 1655 »lmen«
753 1621 793 1653 R.
820 1638 858 1643 —
883 1621 970 1653 Edd.
995 1620 1047 1654 Μ.
1074 1622 1181 1655 »ham«

293 1682 326 1724 2)
352 1680 407 1713 Sic
433 1679 511 1712 Mss.
537 1677 573 1710 In
599 1677 696 1709 editis
720 1679 765 1720 (ν.
792 1689 818 1709 e.
844 1677 919 1709 edd.
939 1676 1003 1721 M.)
1029 1678 1121 1710 deest
1145 1678 1256 1710 »sibi«
1276 1680 1315 1711 R.

290 1736 323 1779 ³)
348 1735 434 1767 Edd.
459 1734 506 1766 M.
532 1742 682 1776 „potest‚
712 1732 801 1764 unde
833 1741 865 1764 et
889 1732 1042 1765 decidere
1065 1743 1194 1778 potest:
1228 1735 1317 1767 unde

198 1790 230 1813 et
254 1780 409 1812 decidere
433 1792 505 1810 eam
530 1778 688 1822 possibile
713 1786 789 1810 est«

291 1838 324 1880 ⁴)
352 1836 395 1867 lta
419 1836 498 1868 Mss.
524 1834 615 1866 Editi
648 1847 726 1866 vero
753 1834 799 1877 (v,
827 1846 853 1865 c.
880 1833 953 1867 edd.
979 1834 1046 1877 M.)
1075 1847 1226 1879 »semper
1248 1844 1316 1867 stu-

200 1881 247 1913 dii
271 1894 382 1913 curam
406 1892 574 1922 geramus«
601 1888 662 1911 etc.
688 1879 714 1910 R

310 1938 324 1980 )
357 1935 447 1968 Libri
485 1934 566 1966 editi
597 1935 642 1978 (ν.
676 1947 702 1967 c.
727 1935 802 1967 edd.
829 1935 893 1978 M.)
927 1934 1124 1978 »participes
1157 1947 1244 1974 esse,
1279 1944 1316 1966 ut

201 1982 294 2026 (edd.
322 1981 370 2014 M.
395 1982 442 2021 et)
474 1981 515 2012 ad
545 1992 605 2011 nos
637 1979 687 2011 vel
712 1980 806 2024 plus«
834 1989 896 2013 etc.
943 1980 1010 2013 Sed
1035 1980 1114 2012 Mss.
1138 1988 1174 2011 ut
1197 1979 1230 2011 iu
1255 1992 1314 2011 no-

198 2036 266 2058 stro
291 2035 392 2058 textu.
417 2026 456 2057 R.

292 2082 325 2125 ὃ)
351 2082 407 2113 Sic
424 2081 505 2113 Mss.
528 2080 620 2112 Editi
645 2093 723 2112 vero
748 2082 795 2123 (v.
821 2094 847 2114 c,
873 2081 949 2114 edd.
967 2081 1032 2124 M.)
1060 2079 1135 2111 »ubi
1159 2081 1257 2124 perit,
1282 2090 1314 2113 et

200 2126 327 2168 aufugit
351 2125 458 2157 omnis
483 2126 600 2164 dolor,
626 2135 657 2158 et
680 2126 831 2157 tristitiae
854 2125 1024 2168 gemitus«

294 2183 326 2225 ⁷)
353 2182 408 2214 sic
433 2181 509 2214 Mss.
535 2181 625 2213 Editi
649 2184 695 2226 (ν.
721 2195 747 2215 c.
773 2182 847 2214 edd.
872 2182 938 2225 M.)
966 2181 1159 2214 »ostendit.«
1186 2181 1224 2213 R.

292 2237 326 2281 8)
350 2237 435 2273 Edd,
459 2237 506 2270 Μ.
535 2251 628 2271 »casu
654 2239 913 2279 dominationes,
938 2236 1006 2267 vel«
1035 2246 1094 2270 etc.
