1404 2463
214 99 281 133 318
377 144 382 149 .
694 101 870 134 OfflGEMS

216 201 300 233 quae
331 198 380 221 est
413 189 446 222 in
481 189 613 223 Christo
644 190 724 223 Jesu
756 190 907 223 Domino
941 195 1088 223 nostro.“
1141 192 1223 225 Sola
1249 191 1337 224 enim

214 264 276 296 per
306 265 340 284 se
372 252 513 285 humana
544 261 660 284 natura
684 265 752 285 non
777 252 922 284 arbitror
945 252 1021 297 quia
1039 254 1070 296 ¹)
1095 253 1200 298 possit
1223 254 1340 285 adver-

216 327 269 346 sus
297 313 451 355 angelos,
484 324 515 346 et
540 313 668 347 excelsa
693 324 727 346 et
750 315 936 358 profunda,
969 324 1001 347 et
1030 315 1128 347 :uliam
1154 324 1338 347 creaturam

216 375 337 408 babere
361 385 545 408 certamen:
576 376 634 408 sed
658 389 732 408 cum
758 375 896 408 senserit
919 385 1127 420 praesentem
1152 375 1184 408 in
1209 388 1244 408 se
1267 376 1339 408 Do-

215 437 342 469 minum
368 447 402 470 et
426 437 675 477 inhabitantem,
701 437 901 470 confidentia
925 437 1029 470 divini
1053 437 1211 483 adjutorii
1236 437 1340 470 dicet:

217 499 405 539 „Dominus
418 500 450 543 ²)
476 499 676 531 illuminatio
701 512 774 531 mea
799 509 831 530 et
855 498 1010 532 Salvator
1032 512 1143 539 meus,
1176 498 1340 543 quem-ti-

217 560 342 594 mebo?
379 560 547 594 Dominus
561 562 594 605 3)
626 571 801 605 protector
830 560 916 593 vitae
951 574 1061 600 meae,
1095 574 1112 593 a
1147 574 1214 605 quo
1238 560 1342 604 trepi-

217 622 329 655 dabo?
351 623 442 655 Dum
467 622 668 668 appropiant
692 636 793 666 super
816 636 869 655 me
895 632 1064 662 nocentes,
1088 633 1125 655 ut
1149 623 1248 654 edant
1272 635 1343 654 car-

217 698 274 716 nes
304 697 408 717 meas:
450 684 508 729 qui
538 684 698 716 tribulant
728 697 781 716 me
816 684 944 716 inimici
977 684 1062 724 mei,
1097 684 1160 729 ipsi
1185 683 1342 716 infirmati

217 755 292 778 sunt
326 755 358 777 ct
390 746 590 778 ceciderunt.
646 746 681 778 Si
715 746 895 778 consistant
927 746 1101 778 adversum
1138 759 1191 777 me
1228 754 1342 783 eastra,

216 821 286 840 non
318 808 449 840 timebit
483 820 542 839 cor
573 817 703 839 meum:
740 808 766 839 si
792 817 941 849 exsurgat
965 808 1140 840 adversum
1165 821 1219 840 me
1243 820 1343 852 proe-

218 870 319 909 lium,
350 869 383 901 in
409 870 473 901 hoc
498 881 558 910 ego
583 870 758 912 sperabo.“
806 868 950 912 Unde⁴)
976 882 1036 911 ego
1062 869 1221 909 arbitror,
1251 870 1343 914 quod

217 944 387 975 nunquam
419 931 522 962 homo
556 931 702 962 fortassis
733 943 794 974 per
825 944 859 962 se
892 931 1000 974 ipsum
1029 930 1185 963 virtutem
1211 941 1342 963 contra-

218 993 301 1025 riam
334 992 466 1025 vincere
496 1001 624 1036 potest,
665 991 727 1024 nisi
765 1005 840 1024 usus
882 992 981 1024 suerit
1014 992 1184 1037 adjutorio
1215 992 1340 1025 divino.

218 1054 316 1087 Unde
341 1064 373 1086 et
396 1054 530 1095 angelus
557 1054 697 1086 luctatus
722 1056 837 1097 esse⁵)
863 1054 986 1086 dicitur
1003 1067 1078 1086 cum
1094 1054 1211 1087 Jacob.
1237 1053 1342 1097 Quod

218 1129 280 1149 nos
311 1116 445 1160 quidem
471 1115 515 1148 ita
540 1115 775 1157 intelligimus,
807 1115 884 1160 quia
909 1129 976 1148 non
1002 1116 1091 1148 idem
1115 1115 1158 1148 sit
1183 1117 1341 1148 luctatum

219 1191 288 1211 esse
315 1191 390 1210 cum
414 1178 522 1210 Jacob
547 1178 721 1220 angelum,
746 1179 837 1222 quod
862 1187 911 1210 est
934 1178 1107 1210 adversum
1130 1178 1253 1210 Jacob:
1284 1178 1343 1210 sed

218 1241 246 1274 is
279 1240 433 1285 quidem,
474 1238 531 1284 qui
565 1239 594 1271 ei
618 1239 732 1271 salutis
757 1239 856 1283 (142)
880 1239 983 1284 ipsius
1009 1252 1103 1272 causa
1127 1239 1255 1281 aderat,
1287 1239 1344 1283 qui

219 1311 253 1335 et
277 1302 416 1344 cognitis
441 1301 653 1346 profectibus
678 1301 765 1346 ejus,
791 1300 889 1333 etiarn
914 1314 1037 1333 nomen
1061 1301 1091 1333 ei
1116 1300 1216 1333 israel
1239 1300 1344 1339 dedit,

220 1365 282 1397 iste
307 1377 381 1396 cum
406 1364 480 1407 ipso
506 1363 670 1405 luctatur3
698 1362 731 1395 id
757 1372 816 1402 est,
843 1376 917 1395 cum
943 1363 1017 1407 ipso
1042 1371 1090 1394 est
1113 1362 1146 1394 in
1170 1374 1286 1404 agone,
1310 1371 1343 1393 et

218 1426 310 1472 juvat
334 1439 408 1458 eum
435 1426 468 1457 in
494 1424 692 1457 certamine:
726 1437 801 1456 cum
826 1424 896 1456 sine
921 1424 1024 1456 dubio
1049 1424 1132 1456 alius
1157 1433 1259 1463 esset,
1283 1423 1342 1455 ad-

221 1501 333 1520 versus
371 1500 472 1532 quem
511 1486 700 1525 dimicaret,
739 1495 772 1518 et
802 1486 958 1518 adversus
989 1498 1088 1529 quem
1119 1485 1148 1517 ei
1179 1494 1345 1518 certamen

221 1558 382 1591 ageretur.
432 1548 587 1592 Denique
611 1547 734 1580 Paulus
748 1548 781 1591 εἱ)
804 1549 880 1591 {non
913 1546 995 1579 dixit
1026 1547 1123 1579 nobis
1148 1560 1216 1579 esse
1242 1547 1344 1579 lucta-

221 1624 298 1643 men
323 1623 398 1643 cum
423 1610 640 1655 principibus,
673 1609 727 1641 vel
752 1622 827 1641 cum
852 1609 1085 1654 potestatibus,
1107 1609 1164 1641 sed
1189 1610 1344 1642 adversus

221 1672 425 1718 principatus
456 1681 489 1704 et
517 1681 709 1716 potestates.
754 1671 853 1703 Unde
886 1671 948 1703 etsi
972 1671 1080 1703 Jacob
1111 1671 1253 1703 luctatus
1285 1680 1344 1709 est,

220 1735 291 1768 sine
315 1734 419 1767 dubio
444 1735 601 1766 adversus
625 1734 769 1778 aliquam
794 1733 911 1765 harum
936 1732 1098 1766 virtutum
1123 1733 1265 1765 luctatus
1284 1742 1344 1771 est,

221 1810 301 1842 quas
325 1797 470 1828 humano
502 1795 631 1838 generi,
673 1805 705 1828 et
735 1794 856 1828 sanctis
886 1794 1083 1839 praecipue,
1121 1794 1286 1827 adversari
1311 1804 1343 1826 et

314 1922 346 1966 ¹)
373 1921 434 1954 Ed.
459 1920 506 1953 M.
535 1921 573 1954 ΙΙ.
601 1921 743 1964 »quod«

314 1976 659 2022 ²)Psatm.XXV11‚
685 1974 975 2021 1-3-(XXV1.)

314 2035 347 2077 ³)
374 2032 506 2067 Omissa
528 2041 606 2065 sunt
629 2031 662 2064 in
687 2040 782 2064 antea
806 2031 902 2065 editis
926 2031 973 2077 (v.
997 2044 1025 2064 c.
1051 2032 1127 2064 edd.
1152 2031 1233 2075 M.).
1265 2031 1344 2063 iicet

222 2079 429 2123 reperiantur
459 2078 493 2110 in
518 2077 672 2110 omnibus
697 2078 776 2110 Mss.
801 2078 917 2110 verba:
959 2077 1148 2119 „Dominus
1171 2085 1345 2122 protector

224 2125 309 2156 vitae
333 2137 439 2163 meae,
464 2136 481 2155 a
506 2136 572 2167 quo
599 2121 824 2166 trepidabo?“
850 2123 890 2155 R.

317 2179 349 2222 4)
376 2179 460 2211 Vide
486 2179 542 2211 lib.
568 2178 610 2212 ll.
636 2178 867 2220 Origenianor.
892 2188 1016 2224 quaest.
1040 2179 1113 2212 Vll.
1137 2192 1228 2211 num.
1254 2178 1306 2212 17.

317 2236 349 2278 ⁵)
374 2234 478 2266 Deest
505 2239 616 2275 „esse“
643 2235 676 2267 in
702 2235 777 2267 edd.
804 2235 852 2267 Μ.
877 2255 919 2259 —
945 2235 1030 2268 Gen.
1054 2234 1199 2273 ΧΧΧΠ,
1222 2234 1275 2268 24.

317 2290 349 2333 ⁶)
376 2290 443 2323 Cir.
470 2290 589 2335 Ephes.
618 2291 673 2329 VI,
700 2291 750 2323 12.
