1404 2463
201 98 265 133 178
672 102 847 135 Onlssssms

204 200 298 220 sacco
338 197 371 220 et
410 188 519 221 cinere
557 190 708 222 sedentes
741 191 985 235 poenitentiam
1021 190 1193 232 egissent.“
1241 192 1330 237 ΕΝ)

206 262 308 294 quum
347 250 518 294 proximus
555 251 669 295 utique
708 252 789 297 ipsis
826 253 963 285 urbibus
1002 252 1208 292 accessisset,
1249 253 1332 296 ηεξ)

207 311 288 343 fines
313 324 424 343 earum
449 312 564 344 fuisset
587 313 769 354 ingressus,
802 328 880 353 cur,
913 327 1054 358 quaeso,
1078 315 1225 346 declinat
1249 314 1333 347 civi-

208 383 290 406 tates
314 373 391 406 istas
416 373 563 415 ingredi,
596 384 628 406 et
651 385 818 419 praestare
843 376 882 408 iis
907 375 1077 417 signorum
1103 384 1136 407 et
1160 375 1334 420 prodigio-

209 447 282 466 rum
310 434 460 478 copiam,
497 436 522 467 si
556 449 607 468 eas
639 437 686 470 his
712 437 809 479 gestis
834 438 867 469 in
891 451 987 469 sacco
1014 446 1046 468 et
1071 436 1181 468 cinere
1207 445 1334 468 certum

210 506 280 528 erat
311 506 438 528 acturas
469 510 536 529 esse
570 498 836 542 poenitentiam?
876 498 978 541 Quod
1010 497 1127 541 utique
1159 511 1235 530 cum
1268 499 1334 530 non

210 558 307 597 facit,
337 558 406 590 sine
440 559 543 591 dubio
574 559 755 604 perditioni
781 574 834 592 eas
857 559 1034 603 relinquit,
1071 571 1151 603 quas
1175 559 1281 592 malae
1305 568 1338 591 et

211 620 361 664 perditae
392 621 572 663 naturae³)
602 634 669 653 non
704 634 772 653 esse
801 621 871 665 ipse
904 620 1076 662 Evangelii
1106 633 1217 652 sermo
1249 620 1336 653 indi-

212 690 278 721 cat,
304 680 360 724 qui
385 694 437 714 eas
464 682 613 727 potuisse
637 683 811 726 poenitere
837 683 997 724 designat.
1047 682 1114 715 Sed
1140 691 1171 714 et
1198 681 1230 714 in
1257 694 1338 726 qua-

211 744 286 775 dam
311 743 482 785 Evangelii
504 743 721 776 nihilominus
748 745 906 787 parabola
932 744 1118 786 ingrediens
1142 757 1198 776 rex
1224 743 1337 776 videre

213 805 467 843 discumbentes,
492 805 547 849 qui
573 807 705 838 fuerant
729 806 867 846 invitati,
901 806 981 838 vidit
1006 806 1173 850 quendam
1197 818 1264 837 non
1288 805 1340 837 in-

213 867 330 899 dutum
353 866 559 910 nuptialibus
583 867 804 907 indumentis,
830 877 863 900 et
886 867 932 899 ait
956 867 1001 899 ei:
1035 867 1230 911 „Amice‚³)
1256 879 1339 910 quo·

214 928 365 970 inodo⁵)
397 927 460 959 huc
486 928 616 960 intrasti
645 942 713 960 non
744 929 867 961 habens
898 928 1132 961 indumentum
1163 927 1341 972 nuptiale?

215 989 310 1021 Tunc
344 987 390 1020 ait
420 988 595 1022 ministris:
635 989 786 1031 Ligantes
817 989 848 1022 ei
880 1002 994 1022 manus
1027 999 1059 1022 et
1091 990 1195 1034 pedes
1218 989 1340 1022 mittite

215 1063 291 1083 eum
316 1051 404 1082 foras
428 1050 460 1082 in
484 1051 637 1082 tenebras
661 1052 856 1083 exteriores:
882 1051 928 1083 ibi
954 1051 1016 1083 erit
1040 1051 1137 1084 fletus
1162 1060 1194 1083 et
1217 1051 1342 1083 stridor

217 1111 401 1145 dentium-‘⁴
448 1111 572 1144 Dicant
594 1112 709 1150 nobis,
735 1113 808 1157 quis
833 1122 882 1145 est
907 1114 968 1145 iste
991 1125 1066 1153 rex,
1098 1112 1154 1157 qui
1177 1112 1341 1154 ingressus

219 1183 268 1207 est
293 1173 403 1206 videre
427 1173 692 1214 discumbentes,
728 1184 761 1206 et
786 1174 956 1207 inveniens
980 1175 1068 1207 inter
1093 1188 1150 1206 eos
1175 1175 1340 1219 quendam

220 1235 364 1268 sordidis
400 1234 621 1274 indumentis,
660 1233 756 1280 jubet
792 1248 867 1267 eum
907 1234 1052 1267 vinctum
1082 1248 1144 1280 per
1173 1235 1343 1268 ministros

219 1310 297 1330 suos
328 1296 360 1328 in
386 1295 566 1328 exteriores
590 1297 742 1328 tenebras
768 1297 911 1332 detrudi.
959 1297 1209 1342 Numquidnam
1223 1298 1258 1341 ⁶)
1282 1297 1343 1329 ille

222 1368 287 1397 est,
319 1370 418 1402 quem
449 1356 571 1402 justum
603 1357 740 1391 dicunt?
774 1358 818 1390 Et
843 1359 1016 1403 quomodo
1043 1360 1150 1391 bonos
1175 1372 1212 1391 ac
1236 1359 1344 1391 malos

222 1420 358 1466 jusserat
389 1418 537 1458 invitari,
571 1431 632 1451 nec
663 1419 780 1451 merita
804 1432 821 1452 a
845 1419 1004 1453 ministris
1027 1420 1187 1452 sciscitari
1209 1433 1345 1465 praece-

223 1480 340 1526 perat?
362 1480 427 1513 Per
451 1481 542 1525 quod
565 1480 681 1525 utique
704 1493 771 1513 non
796 1480 874 1525 justi
898 1481 1054 1526 alicujus,
1078 1490 1115 1514 ut
1138 1481 1193 1514 isti
1217 1481 1344 1522 dicunt,

225 1552 258 1575 et
291 1555 353 1587 pro
384 1541 510 1574 meritis
541 1542 772 1581 retribuentis,
807 1543 866 1575 sed
898 1555 972 1585 erga
1004 1556 1120 1575 omnes
1148 1542 1344 1576 indiscretae

224 1603 433 1646 benignitatis
462 1602 629 1636 indicatur
656 1604 807 1637 affectus.
854 1604 888 1637 Si
926 1617 1004 1637 vero
1035 1617 1169 1637 necesse
1202 1613 1251 1637 est
1280 1605 1346 1637 hoc

225 1666 267 1698 de
299 1667 391 1698 bono
423 1664 517 1705 Deo,
552 1665 587 1698 id
619 1675 668 1698 est
698 1665 798 1709 vev)
829 1666 870 1698 de
903 1666 1055 1705 Christo,
1092 1666 1143 1698 vel
1174 1667 1215 1699 de
1247 1667 1345 1699 Patre

326 1767 355 1810 Ι)
381 1765 466 1798 Edd.
492 1765 540 1799 Μ.
566 1765 631 1806 „Et
656 1779 729 1798 cum
754 1767 916 1811 proximis
939 1767 1076 1811 utique“
1103 1776 1165 1799 etc.

317 1824 351 1864 2)
376 1821 506 1853 Desunt
529 1821 562 1853 in
588 1831 681 1854 antea
706 1823 803 1855 editis
827 1825 871 1865 (v.
897 1836 923 1855 c.
942 1823 1016 1855 edd.
1036 1822 1113 1866 M.),
1135 1824 1194 1855 sed
1219 1822 1343 1855 baben-

227 1878 280 1900 tur
303 1867 337 1899 in
363 1866 518 1898 omnibus
542 1867 621 1899 Mss.
647 1868 762 1899 verba:
790 1881 847 1909 „ac
871 1868 953 1900 fines
978 1880 1090 1900 earum
1114 1866 1261 1900 suisset.“
1289 1868 1330 1901 R.

318 1922 351 1966 3)
377 1921 432 1955 Sic
449 1930 537 1953 recte
555 1922 633 1954 Mss.
652 1923 742 1955 Libri
761 1923 842 1956 editi
862 1924 907 1967 (v,
922 1936 948 1956 c.
965 1924 1041 1956 edd.
1055 1923 1120 1968 M.)
1146 1924 1286 1965 „vitae.“
1303 1924 1343 1957 R.

317 1978 349 2021 ⁴)
377 1977 444 2011 Cfr.
469 1977 587 2012 Matth.
612 1978 723 2018 XXII,
749 1979 799 2013 12.
825 1978 876 2013 13.

320 2035 351 2076 5)
377 2033 432 2066 Sic
464 2033 542 2066 Mss.
572 2033 664 2065 Libri
696 2034 775 2067 editi
810 2034 855 2079 (v.
890 2047 917 2067 c.
949 2034 1023 2067 edd.
1050 2033 1114 2078 Μ.)
1147 2035 1342 2079 „quomodo

229 2078 370 2110 introisti
396 2078 460 2109 huc
484 2082 572 2109 non“
602 2087 662 2111 etc.
687 2080 726 2112 R.

319 2133 355 2176 ⁶)
380 2134 430 2165 lta
461 2133 540 2166 Mss.
572 2133 663 2165 Libri
698 2135 780 2167 editi
812 2136 859 2179 (v,
892 2148 919 2167 c.
954 2135 1030 2166 edd.
1055 2135 1118 2179 M)
1152 2136 1341 2180 „Numquid

228 2191 296 2211 non
328 2178 385 2210 illc
410 2187 472 2217 est,
497 2195 537 2201 —
564 2179 699 2212 dicum?
735 2180 778 2212 Et
809 2181 982 2224 quomodo
1009 2200 1046 2205 -
1073 2180 1180 2213 malus
1205 2181 1342 2214 invitare

227 2224 382 2269 jusserat,
405 2227 486 2255 nec“
512 2232 572 2255 etc.
598 2224 638 2259 R.

320 2279 351 2322 ⁷)
379 2278 479 2311 Deest
504 2279 598 2319 „vel“
623 2278 656 2311 in
681 2280 756 2311 edd.
782 2279 828 2313 M.
