1404 2463
404 126 451 150 m!
475 116 667 150 Pmncwns
692 117 804 150 Lmen
829 118 855 151 Ι.
1145 118 1188 154 63

68 205 158 239 enim
182 204 262 239 Jesu
296 217 396 238 omne
426 218 510 248 genu
541 205 694 238 flectetur
717 205 932 248 coelestium,
967 208 1186 249 terrestrium,

67 275 101 298 et
123 265 348 307 infernorum,
381 275 413 299 et
437 266 543 300 omnis
567 265 678 308 lingua
702 267 930 307 confitebitur,
966 268 1043 312 quia
1066 269 1188 304 Domi-

67 341 129 360 nus
152 328 248 360 Jesus
279 327 312 360 in
343 327 447 370 gloria
479 338 527 360 est
556 328 623 360 Dei
653 328 769 361 Patris.
815 328 920 371 Igitur
949 330 1183 374 aporrhoea')

66 388 193 431 gloriae
218 389 284 422 Dei
307 389 487 422 secundum
511 388 586 428 hoc,
611 390 703 434 quod
720 389 933 434 omnipotens
958 398 1016 430 est,
1040 403 1124 434 pura
1148 404 1185 424 ac

68 449 208 495 limpida
231 449 302 496 ipsa
313 450 346 494 ²)
369 448 529 494 sapientia
550 459 607 490 est,
631 450 812 492 glorificata
826 461 982 496 tanquam
999 452 1188 496 aporrhoea

67 511 346 556 omnipotentiae,
384 511 436 543 vel
467 510 602 552 gloriae.
649 511 695 543 Ut
725 520 835 545 autern
860 512 1066 545 manifestius
1089 513 1187 545 intel-

66 571 196 615 ligatur,
220 585 302 618 quae
325 571 367 604 sit
390 571 495 613 gloria
515 572 792 616 omnipotentiae,
815 574 916 606 etiam
933 574 998 606 hoc
1022 574 1186 607 addimus.

66 633 158 666 Deus
171 633 204 677 ³)
219 642 314 677 pater
329 632 543 677 omnipdtens
557 643 614 675 est,
636 646 676 666 eo
698 635 788 679 quod
805 644 1015 679 potentatum
1035 635 1187 668 omnium

66 704 167 734 tenet,
191 694 226 727 id
251 704 298 728 est
323 694 410 727 coeli
435 704 467 727 et
490 704 613 735 terrae,
644 695 724 728 solis
756 704 789 728 et
819 695 916 728 lunae
949 706 981 729 et
1004 697 1186 737 stellarum,

66 755 302 800 omniumque,
334 769 417 800 quae
447 757 480 788 in
505 755 584 801 ipsis
608 766 693 789 sunt.
741 756 874 789 Horum
899 766 1009 790 autem
1034 767 1188 803 potenta-

64 825 135 850 tum
159 817 242 859 gerit
265 831 327 862 per
349 819 488 850 verbum
512 830 627 857 suum,
663 817 820 862 quoniam
843 818 876 851 in
889 820 922 863 ⁴)
947 819 1084 852 nomine
1107 820 1189 853 Jesu

65 892 164 912 omne
188 892 274 921 genu
298 879 451 912 flectetur
475 889 507 912 et
531 878 745 918 coelestium,
776 888 809 911 et
831 880 1056 921 terrestrium,
1081 890 1114 914 et
1137 881 1188 914 in—

62 941 247 974 femorum.
294 941 337 973 Et
359 940 385 973 si
411 953 509 973 omne
541 953 626 982 genu
662 939 809 972 flectitur
841 940 937 981 Jesu,
973 941 1044 974 sine
1082 942 1187 975 dubio

62 1001 159 1035 Jesus
184 1011 243 1042 est,
267 1002 320 1034 cui
345 1001 492 1048 subjecta
516 1010 590 1034 sunt
615 1001 738 1041 omnia,
763 1002 842 1046 et⁵)
867 1002 937 1046 ipse
962 1012 1022 1044 est,
1046 1003 1101 1048 qui
1125 1016 1188 1048 po-

64 1073 227 1097 tentatum
251 1065 316 1106 agit
339 1062 371 1095 in
398 1064 563 1102 omnibus,
588 1071 621 1095 et
644 1075 705 1107 per
729 1076 829 1107 quem
853 1064 1002 1109 subjecta
1024 1074 1100 1097 sunt
1124 1065 1188 1097 Pa-

63 1125 106 1158 tri
132 1125 257 1158 omnia:
290 1139 351 1170 per
380 1124 575 1169 sapientiam
604 1137 770 1168 namque,
804 1124 840 1157 id
873 1134 922 1157 est
951 1126 1054 1158 verbo
1080 1135 1114 1158 et
1135 1139 1188 1159 ra-

63 1186 174 1227 tione,
214 1200 282 1219 non
313 1187 345 1219 vi
376 1199 413 1219 ac
444 1185 658 1225 necessitate,
698 1194 817 1219 cuncta
839 1185 987 1230 subjecta
1011 1195 1097 1221 sunt.
1143 1188 1188 1220 Et

63 1247 142 1280 ideo
167 1247 200 1280 in
227 1261 266 1280 eo
291 1247 385 1292 ipso,
418 1261 483 1292 quo
517 1247 647 1280 obtinet
679 1246 808 1286 omnia,
839 1247 944 1289 gloria
976 1260 1033 1280 sua
1066 1257 1130 1281 est:
1154 1258 1188 1281 et

61 1308 142 1342 haec
167 1318 215 1342 est
239 1309 507 1354 omnipotentiae
536 1307 712 1354 purissima
744 1316 777 1340 et
809 1307 1041 1352 limpidissima
1071 1309 1188 1351 gloria,

64 1384 140 1403 cum
163 1370 292 1403 ratione
324 1380 356 1403 et
385 1370 564 1415 sapientia,
598 1382 667 1402 non
699 1368 731 1401 vi
762 1381 799 1401 ac
822 1369 1038 1411 necessitate,
1070 1380 1188 1404 cuncta

63 1429 211 1477 subjecta
234 1441 320 1465 sunt.
367 1431 546 1464 Purissima
581 1443 660 1463 vero
684 1443 721 1462 ac
752 1430 985 1475 Ilmpidissima
1009 1431 1115 1473 gloria
1139 1446 1189 1466 sa-

62 1494 225 1538 pientiae,
255 1493 332 1526 satis
357 1493 593 1526 convenienter
623 1491 751 1525 dictum
787 1501 835 1524 est
865 1493 907 1524 ad
937 1492 1189 1528 distinctionem

63 1555 132 1600 ejus
162 1555 307 1597 gloriae,
338 1568 420 1600 quae
450 1568 520 1587 non
550 1567 650 1598 pure,
682 1566 744 1585 nec
774 1553 901 1586 sincere
924 1553 1032 1596 gloria
1056 1555 1187 1590 dicitur.

62 1615 226 1661 Omnisss)
250 1629 330 1649 vero
354 1626 488 1657 natura,
512 1629 596 1661 quae
621 1615 850 1648 convertibilis
874 1622 923 1647 est
948 1625 981 1648 et
1005 1627 1187 1650 commuta-

159 1743 191 1788 1)
216 1743 286 1776 cfr.
312 1745 391 1789 Sap.
416 1744 483 1778 sal.
508 1744 582 1785 vn,
606 1743 661 1778 25.

154 1796 188 1842 ²)
212 1798 269 1832 Sic
293 1800 374 1833 Mss.
399 1799 505 1832 Alias:
532 1800 633 1845 „ipsa
649 1808 697 1832 est
711 1797 873 1842 sapientia
885 1799 951 1832 Dei
970 1799 1187 1842 glorificata.“

60 1844 102 1876 R.
128 1863 168 1868 ——
193 1844 281 1878 Edd.
307 1845 356 1877 M.
383 1844 474 1888 „ipsa
496 1845 659 1890 sapientia
684 1853 732 1877 est
748 1844 814 1876 Dei
838 1844 1055 1886 glorificata.“

154 1899 188 1943 ³)
214 1898 299 1931 Vide
324 1899 555 1941 Origenianor.
580 1900 638 1933 lib.
664 1901 705 1933 ΙΙ.
731 1909 855 1945 quaest.
877 1900 902 1933 l.
927 1914 1018 1935 num.
1045 1902 1074 1937 1.
1100 1913 1133 1936 et
1156 1903 1188 1938 2.

62 1943 102 1976 R.
127 1962 168 1968 -
196 1943 266 1980 Csr.
291 1944 343 1978 ed.
366 1945 495 1990 Redep,
518 1959 592 1990 pag.
618 1945 693 1981 118.
716 1955 785 1979 not.
808 1945 861 1980 24.

156 1998 192 2041 ⁴)
217 1998 286 2032 Csr.
311 1999 460 2045 Philipp.
485 2002 529 2041 II,
554 2000 606 2036 10.

154 2055 187 2098 ⁵)
213 2055 343 2087 Desunt
382 2056 414 2088 in
449 2067 544 2090 antea
582 2057 678 2090 editis
710 2058 755 2102 (v.
788 2072 816 2091 c.
849 2057 924 2090 edd.
950 2058 1034 2101 NL),
1072 2060 1188 2093 sedin

62 2098 140 2131 Mss.
167 2100 321 2132 omnibus
336 2101 549 2145 reperiuntur
561 2104 675 2135 verba:
703 2111 758 2144 „et
776 2103 847 2146 ipse
864 2111 923 2143 est,
947 2103 1005 2147 qui
1023 2121 1063 2126 —
1083 2106 1191 2138 omni-

61 2143 134 2184 bus,
161 2153 194 2177 et
216 2157 278 2189 per
303 2158 402 2190 quem
427 2166 469 2171 —
493 2147 584 2179 Patri
608 2146 753 2180 omnia-‘⁴
779 2148 819 2180 R.

152 2199 187 2244 ⁶)
203 2200 310 2251 *Hunc
342 2201 474 2241 locum,
506 2203 562 2247 qui
591 2202 623 2235 in
649 2211 743 2236 antea
769 2203 865 2236 editis
892 2206 940 2250 (ν.
967 2217 992 2236 c.
1019 2205 1095 2239 edd.
1122 2206 1189 2251 M.)

61 2254 330 2288 corruptissimus
354 2255 419 2285 est,
444 2246 492 2279 sic
515 2260 629 2280 sanum
655 2258 688 2281 et
712 2248 877 2291 integrum
901 2248 1082 2283 restituunt
1107 2251 1186 2283 Mss-

60 2289 152 2321 Alias
177 2291 220 2335 (v.
248 2304 274 2323 c.
299 2291 332 2323 in
358 2292 435 2325 edd.
460 2291 525 2337 M.)
551 2293 691 2333 „Omnis
717 2314 768 2334 —-‚
793 2295 891 2327 etiam
917 2295 943 2327 si
966 2294 1185 2336 glorificatur,
