1404 2463
451 84 494 106 DE
522 73 713 106 Pamcmns
737 74 812 105 Lm.
838 73 877 106 11.
1167 72 1232 107 247

113 164 211 208 quid,
234 163 412 208 praecipue
437 164 529 195 fabre
554 164 695 200 factum,
719 162 941 205 prospexerit,
966 162 1124 194 continuo
1149 176 1228 206 qua-

114 225 206 264 liter,
239 225 292 256 vel
317 225 512 268 quomodo,
549 223 601 255 vel
626 223 666 254 ad
692 236 774 267 quos
799 237 874 255 usus
898 224 1021 256 factum
1046 223 1103 261 sit,
1135 225 1228 256 ardet

113 286 241 318 animus
272 286 448 318 sciscitari:
488 286 594 317 multo
625 283 769 328 amplius
799 297 828 316 et
855 297 954 328 super
979 298 1112 316 omnem
1138 298 1226 324 com-

114 347 320 391 parationem
347 360 474 385 eorum,
499 359 581 391 quae
607 359 625 378 a
648 346 724 377 Deo
748 346 832 377 facta
856 346 1078 390 pervidemus,
1108 345 1225 378 ineffa-

112 408 173 441 bili
204 408 370 441 desiderio
403 409 497 440 ardet
528 407 656 440 animus
693 420 871 448 agnoscere
901 408 1074 440 rationem.
1122 406 1223 449 Quod

111 469 330 508 desiderium,
364 483 463 514 quem
493 482 641 501 amorem
665 468 734 500 sine
759 468 863 500 dubio
889 482 903 500 a
930 469 1005 500 Deo
1030 467 1126 500 nobis
1149 468 1225 500 insi-

110 541 180 564 tum
216 531 397 571 credimus;
437 539 469 563 et
497 530 582 563 sicut
613 530 729 562 oculus
759 530 954 562 naturaliter
984 530 1093 562 lucem
1116 530 1225 574 requi-

110 593 154 625 rit
170 595 199 637 ¹)
235 602 268 625 et
298 592 425 630 visum,
456 602 632 637 et'corpus
655 601 805 624 nostrum
830 605 916 624 escas
941 601 973 624 et
996 601 1114 635 potum
1139 591 1225 623 desi-

111 655 203 686 derat
226 666 287 697 per
309 662 487 697 naturam}
503 653 545 685 ita
570 666 662 685 mens
684 662 796 685 nostra
819 653 970 686 sciendae
996 652 1140 685 veritatis
1159 653 1223 685 Dei

110 724 142 747 et
176 728 287 747 rerum
312 727 424 747 causas
454 714 613 747 noscendi
644 714 819 758 proprium
851 728 888 747 ac
920 716 1066 746 naturale
1092 713 1221 746 deside-

106 777 193 809 rium
217 777 311 818 gerit,
358 776 557 819 Accepimus
573 777 606 820 ²)
631 785 741 809 autem
765 789 781 808 a
801 777 875 808 Deo
900 775 986 808 istud
1010 776 1222 816 desiderium,

107 851 174 870 non
199 839 241 871 ad
265 838 349 877 hoc,
377 847 414 870 ut
437 851 497 870 nec
522 838 640 870 debeat
663 852 825 882 unquam,
859 851 920 870 nec
946 838 1051 881 possit
1075 838 1220 881 expleri:

105 900 255 944 alioquin
280 913 298 932 a
323 899 498 931 conditore
523 901 646 944 De03)
671 900 774 932 menti
797 908 926 932 nostrae
950 900 1069 931 frustra
1095 898 1221 931 videbi-

106 971 160 994 tur
181 975 276 994 amor
298 961 444 994 veritatis
467 962 624 1002 insertus,
658 961 684 994 si
708 974 874 1006 nunquam
900 960 1052 993 desiderii
1081 974 1219 1004 compos

105 1023 261 1056 efficitur.
306 1023 405 1055 Unde
436 1032 469 1055 et
499 1023 531 1054 in
565 1024 624 1055 hac
654 1024 718 1055 vita
757 1022 815 1067 qui
844 1035 974 1055 summo
1007 1023 1119 1054 labore
1155 1022 1218 1066 piis

105 1084 223 1117 studiis
247 1097 285 1115 ac
309 1083 473 1125 religiosis
486 1085 519 1128 ⁴)
545 1098 680 1129 operam
705 1084 874 1122 dederint,
911 1096 1095 1128 quanquam
1120 1097 1218 1127 parva

107 1146 271 1190 quaedam
304 1158 342 1177 ex
366 1146 479 1178 multis
509 1155 541 1178 et
565 1145 733 1178 immensis
758 1146 886 1178 divinae
910 1145 1064 1177 scientiae
1090 1145 1218 1189 capiant

106 1207 282 1246 thesauris,
310 1216 420 1239 tamen
444 1207 508 1240 hoc
531 1208 658 1251 ipsum,
692 1200 782 1251 quud
807 1207 934 1240 animos
957 1219 1034 1239 suos
1057 1217 1218 1239 mentem-

103 1282 169 1313 que
194 1282 267 1310 erga
292 1270 372 1301 haec
396 1278 578 1312 occupant,
613 1279 710 1314 atque
735 1268 766 1300 iu
791 1268 898 1310 baffi)
921 1278 1024 1300 semet
1048 1269 1136 1313 ipsos
1161 1282 1216 1300 cu-

103 1330 241 1375 piditate
266 1330 495 1374 praeveniunt,
518 1330 662 1362 multum
687 1329 838 1362 utilitatis
861 1330 1027 1374 accipiunt
1041 1330 1073 1374 5)
1099 1343 1135 1362 ex
1154 1330 1215 1362 hoc

103 1395 193 1437 ipso,
230 1393 321 1436 quod
346 1391 474 1424 animos
496 1405 573 1423 suos
597 1392 638 1424 ad
662 1391 878 1435 inquirendae
903 1392 1045 1424 veritatis
1069 1391 1213 1424 studium

100 1454 363 1497 amoremque7)
387 1462 604 1491 convertunt,
633 1462 665 1484 et
697 1453 878 1497 paratiores
903 1466 959 1486 eos
971 1454 1004 1497 Β)
1028 1453 1151 1486 facium
1174 1454 1214 1485 ad

102 1515 298 1548 eruditionis
321 1514 452 1545 futurae
477 1515 707 1558 capacitatem:
739 1515 823 1547 sicut
847 1528 921 1547 cum
946 1515 1063 1560 aliquis
1089 1515 1170 1547 velit
1182 1517 1213 1559 ⁹)

102 1577 276 1618 imaginem
300 1576 452 1620 pingere,
489 1576 516 1608 si
531 1577 582 1620 ¹⁰)
607 1586 682 1609 ante
713 1577 843 1609 futurae
867 1578 993 1609 formae
1017 1576 1214 1609 lineamenta

200 1705 228 1747 ¹)
254 1703 309 1736 Sic
335 1703 412 1735 Mss.
440 1703 530 1735 Alias
555 1705 599 1747 (v.
628 1718 655 1737 c.
680 1704 712 1735 in
733 1705 804 1736 edd
825 1704 888 1747 M.)
918 1704 1077 1748 „requirit
1100 1706 1140 1736 ad
1166 1705 1213 1736 vi—

104 1763 188 1789 sum,
213 1758 245 1781 et
269 1761 389 1792 corpus
413 1757 561 1780 nostrum
589 1753 716 1781 escam“
743 1758 803 1781 etc.
830 1750 867 1781 R.

192 1805 227 1847 2)
251 1804 336 1836 Edd.
362 1805 408 1836 M.
433 1804 674 1848 „Accipimus.«

193 1862 226 1903 3)
256 1861 289 1892 ln
313 1869 405 1891 antea
431 1860 526 1892 editis
549 1861 595 1904 (v.
621 1873 648 1893 c.
673 1861 747 1894 edd.
773 1861 837 1903 Μ.)
863 1875 940 1904 pro:
978 1862 1107 1901 „De0‚“
1136 1862 1213 1903 legi-

103 1917 172 1938 tur:
201 1909 366 1943 »nostro,“
392 1915 424 1937 et
447 1905 565 1937 desunt
589 1906 704 1937 verba:
730 1906 853 1946 „menti
876 1911 1038 1939 nostrae?⁴
1064 1908 1103 1939 R.

193 1962 225 2002 ⁴)
251 1961 307 1993 Sic
334 1961 409 1992 Mss.
435 1960 525 1992 Libri
550 1961 629 1993 editi
654 1962 701 2005 (v.
721 1975 747 1993 c.
766 1962 840 1994 edd.
858 1963 923 2006 Μ.)
950 1962 1152 2004 »religioni«
1174 1964 1211 1996 R.

194 2019 225 2058 ⁵)
252 2017 313 2048 Ed.
341 2017 385 2048 Μ.
414 2018 449 2048 ΙΙ.
476 2016 591 2056 „lmc.“

197 2074 228 2115 ε’)
255 2072 339 2105 Edd.
367 2073 410 2104 M.
438 2072 642 2115 „accipiunu
670 2082 701 2104 et
726 2086 763 2104 ex
787 2074 849 2105 hoc
873 2074 966 2117 ipso“
993 2084 1053 2107 etc.

194 2128 226 2169 ⁷)
252 2128 311 2159 Ed.
338 2128 383 2160 Μ.
411 2129 433 2160 l.
461 2141 705 2172 „moremquess
802 2129 835 2174 8)
859 2129 944 2162 Edd.
971 2129 1019 2165 Μ,
1047 2134 1133 2172 „se.“

193 2185 226 2226 ⁹)
251 2184 334 2215 Edd.
363 2184 418 2215 Mt
435 2184 556 2225 ‚,vull.·‹
868 2186 873 2194 ’

179 2241 230 2284 ¹⁰)
253 2239 344 2272 Libri
371 2239 450 2272 editi
476 2240 520 2283 (v.
548 2253 572 2272 c.
601 2241 674 2272 edd.
702 2241 764 2284 Μ.)
792 2241 838 2282 „si
861 2250 936 2274 ante
961 2243 1087 2274 formae
1112 2242 1210 2274 linea—
