<?xml version="1.0" encoding="UTF-8"?>
<!DOCTYPE html PUBLIC "-//W3C//DTD XHTML 1.0 Transitional//EN"
    "http://www.w3.org/TR/xhtml1/DTD/xhtml1-transitional.dtd">
<html xmlns="http://www.w3.org/1999/xhtml" xml:lang="en" lang="en">
 <head>
  <title>
</title>
<meta http-equiv="Content-Type" content="text/html;charset=utf-8" />
  <meta name='ocr-system' content='tesseract 3.04.00' />
  <meta name='ocr-capabilities' content='ocr_page ocr_carea ocr_par ocr_line ocrx_word'/>
</head>
<body>
  <div class='ocr_page' id='page_1' title='image "./operaomniaquaegr21orig/operaomniaquaegr21orig_0467.png"; bbox 0 0 1404 2463; ppageno 0'>
   <div class='ocr_carea' id='block_1_1' title="bbox 405 138 1201 178">
    <p class='ocr_par' dir='ltr' id='par_1_1' title="bbox 405 138 1201 178">
     <span class='ocr_line' id='line_1_1' title="bbox 405 138 1201 178; baseline 0.008 -7"><span class='ocrx_word' id='word_1_1' title='bbox 405 149 449 171; x_wconf 82' lang='lat' dir='ltr'>DE</span> <span class='ocrx_word' id='word_1_2' title='bbox 478 138 672 172; x_wconf 65' lang='lat' dir='ltr'>Pamcu’ns</span> <span class='ocrx_word' id='word_1_3' title='bbox 697 140 769 172; x_wconf 75' lang='lat' dir='ltr'>Lm.</span> <span class='ocrx_word' id='word_1_4' title='bbox 797 140 852 173; x_wconf 87' lang='lat' dir='ltr'>IV.</span> <span class='ocrx_word' id='word_1_5' title='bbox 1135 142 1201 178; x_wconf 86' lang='lat'>453</span> 
     </span>
    </p>
   </div>
   <div class='ocr_carea' id='block_1_2' title="bbox 64 227 1201 1992">
    <p class='ocr_par' dir='ltr' id='par_1_2' title="bbox 64 227 1201 1992">
     <span class='ocr_line' id='line_1_2' title="bbox 160 227 1201 277; baseline 0.002 -16"><span class='ocrx_word' id='word_1_6' title='bbox 160 227 213 261; x_wconf 73' lang='lat'><strong>2⁴1.</strong></span> <span class='ocrx_word' id='word_1_7' title='bbox 263 227 408 272; x_wconf 79' lang='lat' dir='ltr'>Quae&#39;)</span> <span class='ocrx_word' id='word_1_8' title='bbox 440 227 612 260; x_wconf 81' lang='lat' dir='ltr'>descensio</span> <span class='ocrx_word' id='word_1_9' title='bbox 647 238 837 262; x_wconf 82' lang='lat' dir='ltr'>sanctorum</span> <span class='ocrx_word' id='word_1_10' title='bbox 870 238 1001 274; x_wconf 81' lang='lat' dir='ltr'>patrum</span> <span class='ocrx_word' id='word_1_11' title='bbox 1034 230 1066 262; x_wconf 90' lang='lat' dir='ltr'>in</span> <span class='ocrx_word' id='word_1_12' title='bbox 1092 232 1201 277; x_wconf 68' lang='lat' dir='ltr'>Aegy-</span> 
     </span>
     <span class='ocr_line' id='line_1_3' title="bbox 71 288 1198 334; baseline 0.005 -15"><span class='ocrx_word' id='word_1_13' title='bbox 71 297 189 332; x_wconf 87' lang='lat' dir='ltr'>ptum,</span> <span class='ocrx_word' id='word_1_14' title='bbox 213 288 248 320; x_wconf 83' lang='lat' dir='ltr'>in</span> <span class='ocrx_word' id='word_1_15' title='bbox 272 289 358 321; x_wconf 83' lang='lat' dir='ltr'>hune</span> <span class='ocrx_word' id='word_1_16' title='bbox 383 290 546 322; x_wconf 87' lang='lat' dir='ltr'>muudum</span> <span class='ocrx_word' id='word_1_17' title='bbox 571 289 675 322; x_wconf 80' lang='lat' dir='ltr'>videri</span> <span class='ocrx_word' id='word_1_18' title='bbox 700 291 826 334; x_wconf 81' lang='lat' dir='ltr'>poterit</span> <span class='ocrx_word' id='word_1_19' title='bbox 849 292 890 324; x_wconf 79' lang='lat' dir='ltr'>ad</span> <span class='ocrx_word' id='word_1_20' title='bbox 914 291 1198 325; x_wconf 74' lang='lat' dir='ltr'>illuminationem</span> 
     </span>
     <span class='ocr_line' id='line_1_4' title="bbox 72 351 1199 397; baseline 0.004 -15"><span class='ocrx_word' id='word_1_21' title='bbox 72 359 280 390; x_wconf 80' lang='lat' dir='ltr'>ceterorum,</span> <span class='ocrx_word' id='word_1_22' title='bbox 317 360 416 395; x_wconf 78' lang='lat' dir='ltr'>atque</span> <span class='ocrx_word' id='word_1_23' title='bbox 448 351 582 384; x_wconf 81' lang='lat' dir='ltr'>humani</span> <span class='ocrx_word' id='word_1_24' title='bbox 613 351 741 393; x_wconf 76' lang='lat' dir='ltr'>generis</span> <span class='ocrx_word' id='word_1_25' title='bbox 765 353 1019 385; x_wconf 73' lang='lat' dir='ltr'>instructionem</span> <span class='ocrx_word' id='word_1_26' title='bbox 1043 367 1060 386; x_wconf 85' lang='lat' dir='ltr'>a</span> <span class='ocrx_word' id='word_1_27' title='bbox 1085 354 1199 397; x_wconf 81' lang='lat' dir='ltr'>provi-</span> 
     </span>
     <span class='ocr_line' id='line_1_5' title="bbox 71 411 1198 457; baseline 0.002 -13"><span class='ocrx_word' id='word_1_28' title='bbox 71 412 183 444; x_wconf 81' lang='lat' dir='ltr'>dentia</span> <span class='ocrx_word' id='word_1_29' title='bbox 207 411 273 444; x_wconf 78' lang='lat' dir='ltr'>Dei</span> <span class='ocrx_word' id='word_1_30' title='bbox 299 425 367 444; x_wconf 83' lang='lat' dir='ltr'>esse</span> <span class='ocrx_word' id='word_1_31' title='bbox 394 426 566 452; x_wconf 77' lang='lat' dir='ltr'>concessa,</span> <span class='ocrx_word' id='word_1_32' title='bbox 589 422 627 445; x_wconf 90' lang='lat' dir='ltr'>ut</span> <span class='ocrx_word' id='word_1_33' title='bbox 650 426 711 457; x_wconf 87' lang='lat' dir='ltr'>per</span> <span class='ocrx_word' id='word_1_34' title='bbox 736 427 792 446; x_wconf 80' lang='lat' dir='ltr'>eos</span> <span class='ocrx_word' id='word_1_35' title='bbox 818 423 946 447; x_wconf 79' lang='lat' dir='ltr'>ceterae</span> <span class='ocrx_word' id='word_1_36' title='bbox 969 415 1098 448; x_wconf 76' lang='lat' dir='ltr'>animae</span> <span class='ocrx_word' id='word_1_37' title='bbox 1121 415 1198 447; x_wconf 86' lang='lat' dir='ltr'>illu-</span> 
     </span>
     <span class='ocr_line' id='line_1_6' title="bbox 69 473 1198 519; baseline 0.003 -14"><span class='ocrx_word' id='word_1_38' title='bbox 69 473 212 506; x_wconf 75' lang='lat' dir='ltr'>minatae</span> <span class='ocrx_word' id='word_1_39' title='bbox 237 473 439 517; x_wconf 72' lang='lat' dir='ltr'>juvarcntur.</span> <span class='ocrx_word' id='word_1_40' title='bbox 486 474 569 518; x_wconf 84' lang='lat' dir='ltr'>Ipsis</span> <span class='ocrx_word' id='word_1_41' title='bbox 593 474 681 506; x_wconf 85' lang='lat' dir='ltr'>enim</span> <span class='ocrx_word' id='word_1_42' title='bbox 706 474 823 519; x_wconf 84' lang='lat' dir='ltr'>primis</span> <span class='ocrx_word' id='word_1_43' title='bbox 847 488 1002 508; x_wconf 80' lang='lat' dir='ltr'>concessa</span> <span class='ocrx_word' id='word_1_44' title='bbox 1026 485 1102 508; x_wconf 86' lang='lat' dir='ltr'>sunt</span> <span class='ocrx_word' id='word_1_45' title='bbox 1126 476 1198 508; x_wconf 82' lang='lat' dir='ltr'>elo-</span> 
     </span>
     <span class='ocr_line' id='line_1_7' title="bbox 69 534 1197 581; baseline 0.003 -15"><span class='ocrx_word' id='word_1_46' title='bbox 69 534 145 579; x_wconf 79' lang='lat' dir='ltr'>quia</span> <span class='ocrx_word' id='word_1_47' title='bbox 170 534 255 574; x_wconf 82' lang='lat' dir='ltr'>Dei,</span> <span class='ocrx_word' id='word_1_48' title='bbox 291 535 451 579; x_wconf 82' lang='lat' dir='ltr'>quoniam</span> <span class='ocrx_word' id='word_1_49' title='bbox 481 536 592 568; x_wconf 87' lang='lat' dir='ltr'>solum</span> <span class='ocrx_word' id='word_1_50' title='bbox 626 535 716 568; x_wconf 88' lang='lat' dir='ltr'>istud</span> <span class='ocrx_word' id='word_1_51' title='bbox 742 546 790 569; x_wconf 82' lang='lat' dir='ltr'>est</span> <span class='ocrx_word' id='word_1_52' title='bbox 813 550 933 578; x_wconf 76' lang='lat' dir='ltr'>genus,</span> <span class='ocrx_word' id='word_1_53' title='bbox 964 538 1054 581; x_wconf 87' lang='lat' dir='ltr'>qnod</span> <span class='ocrx_word' id='word_1_54' title='bbox 1083 536 1197 569; x_wconf 81' lang='lat' dir='ltr'>videre</span> 
     </span>
     <span class='ocr_line' id='line_1_8' title="bbox 69 595 1197 640; baseline 0.004 -13"><span class='ocrx_word' id='word_1_55' title='bbox 69 595 194 628; x_wconf 82' lang='lat' dir='ltr'>dicitur</span> <span class='ocrx_word' id='word_1_56' title='bbox 217 596 348 628; x_wconf 80' lang='lat' dir='ltr'>Deum:</span> <span class='ocrx_word' id='word_1_57' title='bbox 389 596 452 629; x_wconf 84' lang='lat' dir='ltr'>hoc</span> <span class='ocrx_word' id='word_1_58' title='bbox 485 597 574 629; x_wconf 81' lang='lat' dir='ltr'>enim</span> <span class='ocrx_word' id='word_1_59' title='bbox 606 597 735 630; x_wconf 77' lang='lat' dir='ltr'><strong>Israelis</strong></span> <span class='ocrx_word' id='word_1_60' title='bbox 765 611 890 631; x_wconf 88' lang='lat' dir='ltr'>nomen</span> <span class='ocrx_word' id='word_1_61' title='bbox 913 598 1076 640; x_wconf 80' lang='lat' dir='ltr'>significat</span> <span class='ocrx_word' id='word_1_62' title='bbox 1097 598 1197 631; x_wconf 83' lang='lat' dir='ltr'>inter-</span> 
     </span>
     <span class='ocr_line' id='line_1_9' title="bbox 67 658 1198 703; baseline 0.003 -14"><span class='ocrx_word' id='word_1_63' title='bbox 67 666 249 701; x_wconf 81' lang='lat' dir='ltr'>pretatum.</span> <span class='ocrx_word' id='word_1_64' title='bbox 296 658 373 690; x_wconf 80' lang='lat' dir='ltr'>Jam</span> <span class='ocrx_word' id='word_1_65' title='bbox 406 664 485 690; x_wconf 83' lang='lat' dir='ltr'>ver&#39;o</span> <span class='ocrx_word' id='word_1_66' title='bbox 518 671 725 703; x_wconf 79' lang='lat' dir='ltr'>consequens</span> <span class='ocrx_word' id='word_1_67' title='bbox 751 669 817 699; x_wconf 85' lang='lat' dir='ltr'>est,</span> <span class='ocrx_word' id='word_1_68' title='bbox 849 669 886 692; x_wconf 90' lang='lat' dir='ltr'>ut</span> <span class='ocrx_word' id='word_1_69' title='bbox 909 660 1091 693; x_wconf 81' lang='lat' dir='ltr'>secundum</span> <span class='ocrx_word' id='word_1_70' title='bbox 1116 661 1198 692; x_wconf 79' lang='lat' dir='ltr'>haec</span> 
     </span>
     <span class='ocr_line' id='line_1_10' title="bbox 67 718 1197 766; baseline 0.003 -15"><span class='ocrx_word' id='word_1_71' title='bbox 67 719 174 763; x_wconf 77' lang='lat' dir='ltr'>aptari</span> <span class='ocrx_word' id='word_1_72' title='bbox 207 719 329 751; x_wconf 78' lang='lat' dir='ltr'>debeat</span> <span class='ocrx_word' id='word_1_73' title='bbox 361 727 393 751; x_wconf 82' lang='lat' dir='ltr'>et</span> <span class='ocrx_word' id='word_1_74' title='bbox 425 718 637 763; x_wconf 80' lang='lat' dir='ltr'>interpretari</span> <span class='ocrx_word' id='word_1_75' title='bbox 670 720 776 759; x_wconf 85' lang='lat' dir='ltr'>illud,</span> <span class='ocrx_word' id='word_1_76' title='bbox 816 722 907 765; x_wconf 89' lang='lat' dir='ltr'>quod</span> <span class='ocrx_word' id='word_1_77' title='bbox 944 722 1061 754; x_wconf 88' lang='lat' dir='ltr'>decem</span> <span class='ocrx_word' id='word_1_78' title='bbox 1091 721 1197 766; x_wconf 79' lang='lat' dir='ltr'>plagis</span> 
     </span>
     <span class='ocr_line' id='line_1_11' title="bbox 68 781 1196 826; baseline 0.002 -13"><span class='ocrx_word' id='word_1_79' title='bbox 68 781 238 826; x_wconf 79' lang='lat' dir='ltr'><strong>Aegyptus</strong></span> <span class='ocrx_word' id='word_1_80' title='bbox 272 781 488 821; x_wconf 81' lang='lat' dir='ltr'>verberatur,</span> <span class='ocrx_word' id='word_1_81' title='bbox 526 791 565 813; x_wconf 89' lang='lat' dir='ltr'>ut</span> <span class='ocrx_word' id='word_1_82' title='bbox 596 781 662 813; x_wconf 82' lang='lat' dir='ltr'>Dei</span> <span class='ocrx_word' id='word_1_83' title='bbox 694 783 862 826; x_wconf 89' lang='lat' dir='ltr'>populum</span> <span class='ocrx_word' id='word_1_84' title='bbox 896 785 1066 826; x_wconf 81' lang='lat' dir='ltr'>permittat</span> <span class='ocrx_word' id='word_1_85' title='bbox 1097 783 1196 823; x_wconf 80' lang='lat' dir='ltr'>exire,</span> 
     </span>
     <span class='ocr_line' id='line_1_12' title="bbox 68 841 1196 889; baseline 0.004 -16"><span class='ocrx_word' id='word_1_86' title='bbox 68 842 120 874; x_wconf 86' lang='lat' dir='ltr'>vel</span> <span class='ocrx_word' id='word_1_87' title='bbox 145 854 198 881; x_wconf 81' lang='lat' dir='ltr'>ea,</span> <span class='ocrx_word' id='word_1_88' title='bbox 234 854 318 886; x_wconf 76' lang='lat' dir='ltr'>quae</span> <span class='ocrx_word' id='word_1_89' title='bbox 343 841 375 874; x_wconf 87' lang='lat' dir='ltr'>in</span> <span class='ocrx_word' id='word_1_90' title='bbox 401 842 534 874; x_wconf 89' lang='lat' dir='ltr'>deserto</span> <span class='ocrx_word' id='word_1_91' title='bbox 560 855 635 874; x_wconf 90' lang='lat' dir='ltr'>cum</span> <span class='ocrx_word' id='word_1_92' title='bbox 660 843 791 887; x_wconf 87' lang='lat' dir='ltr'>populo</span> <span class='ocrx_word' id='word_1_93' title='bbox 816 854 992 885; x_wconf 85' lang='lat' dir='ltr'>geruntur,</span> <span class='ocrx_word' id='word_1_94' title='bbox 1025 844 1078 877; x_wconf 83' lang='lat' dir='ltr'>vel</span> <span class='ocrx_word' id='word_1_95' title='bbox 1103 845 1196 889; x_wconf 88' lang='lat' dir='ltr'>quod</span> 
     </span>
     <span class='ocr_line' id='line_1_13' title="bbox 68 903 1194 947; baseline 0.002 -11"><span class='ocrx_word' id='word_1_96' title='bbox 68 917 105 936; x_wconf 82' lang='lat' dir='ltr'>ex</span> <span class='ocrx_word' id='word_1_97' title='bbox 130 903 314 936; x_wconf 83' lang='lat' dir='ltr'>collatione</span> <span class='ocrx_word' id='word_1_98' title='bbox 339 903 448 935; x_wconf 85' lang='lat' dir='ltr'>omnis</span> <span class='ocrx_word' id='word_1_99' title='bbox 472 903 594 947; x_wconf 84' lang='lat' dir='ltr'>populi</span> <span class='ocrx_word' id='word_1_100' title='bbox 618 905 871 938; x_wconf 77' lang='lat' dir='ltr'>tabernaculum</span> <span class='ocrx_word' id='word_1_101' title='bbox 897 906 1119 945; x_wconf 73' lang='lat' dir='ltr'>construitur,</span> <span class='ocrx_word' id='word_1_102' title='bbox 1142 907 1194 939; x_wconf 87' lang='lat' dir='ltr'>vel</span> 
     </span>
     <span class='ocr_line' id='line_1_14' title="bbox 67 964 1196 1006; baseline 0.002 -9"><span class='ocrx_word' id='word_1_103' title='bbox 67 964 301 997; x_wconf 84' lang='lat' dir='ltr'>indumentum</span> <span class='ocrx_word' id='word_1_104' title='bbox 326 964 535 996; x_wconf 76' lang='lat' dir='ltr'>sacerdotale</span> <span class='ocrx_word' id='word_1_105' title='bbox 561 966 766 1006; x_wconf 83' lang='lat' dir='ltr'>contexitur,</span> <span class='ocrx_word' id='word_1_106' title='bbox 797 966 850 998; x_wconf 82' lang='lat' dir='ltr'>vel</span> <span class='ocrx_word' id='word_1_107' title='bbox 875 967 916 998; x_wconf 81' lang='lat' dir='ltr'>de</span> <span class='ocrx_word' id='word_1_108' title='bbox 943 966 1025 999; x_wconf 77' lang='lat' dir='ltr'>vasis</span> <span class='ocrx_word' id='word_1_109' title='bbox 1049 966 1196 1000; x_wconf 87' lang='lat' dir='ltr'>ministe-</span> 
     </span>
     <span class='ocr_line' id='line_1_15' title="bbox 66 1025 1194 1072; baseline 0.003 -14"><span class='ocrx_word' id='word_1_110' title='bbox 66 1026 108 1059; x_wconf 88' lang='lat' dir='ltr'>rii</span> <span class='ocrx_word' id='word_1_111' title='bbox 140 1038 360 1071; x_wconf 74' lang='lat' dir='ltr'>quaecunque</span> <span class='ocrx_word' id='word_1_112' title='bbox 392 1025 567 1058; x_wconf 85' lang='lat' dir='ltr'>dicuntur:</span> <span class='ocrx_word' id='word_1_113' title='bbox 602 1028 677 1071; x_wconf 83' lang='lat' dir='ltr'>quia</span> <span class='ocrx_word' id='word_1_114' title='bbox 711 1041 806 1067; x_wconf 84' lang='lat' dir='ltr'>vere,</span> <span class='ocrx_word' id='word_1_115' title='bbox 841 1027 926 1060; x_wconf 83' lang='lat' dir='ltr'>sicut</span> <span class='ocrx_word' id='word_1_116' title='bbox 949 1028 1110 1072; x_wconf 84' lang='lat' dir='ltr'>scriptum</span> <span class='ocrx_word' id='word_1_117' title='bbox 1137 1038 1194 1068; x_wconf 82' lang='lat' dir='ltr'>est,</span> 
     </span>
     <span class='ocr_line' id='line_1_16' title="bbox 65 1086 1195 1131; baseline 0.002 -11"><span class='ocrx_word' id='word_1_118' title='bbox 65 1088 219 1120; x_wconf 82' lang='lat' dir='ltr'>umbram</span> <span class='ocrx_word' id='word_1_119' title='bbox 250 1086 283 1119; x_wconf 84' lang='lat' dir='ltr'>in</span> <span class='ocrx_word' id='word_1_120' title='bbox 315 1100 349 1119; x_wconf 84' lang='lat' dir='ltr'>se</span> <span class='ocrx_word' id='word_1_121' title='bbox 380 1087 592 1131; x_wconf 76' lang='lat' dir='ltr'>formamque</span> <span class='ocrx_word' id='word_1_122' title='bbox 625 1088 821 1120; x_wconf 81' lang='lat' dir='ltr'>coelestium</span> <span class='ocrx_word' id='word_1_123' title='bbox 853 1089 1034 1122; x_wconf 83' lang='lat' dir='ltr'>continent.</span> <span class='ocrx_word' id='word_1_124' title='bbox 1088 1090 1195 1122; x_wconf 82' lang='lat' dir='ltr'>Mani-</span> 
     </span>
     <span class='ocr_line' id='line_1_17' title="bbox 66 1147 1194 1193; baseline 0.003 -11"><span class='ocrx_word' id='word_1_125' title='bbox 66 1151 150 1182; x_wconf 84' lang='lat' dir='ltr'>feste</span> <span class='ocrx_word' id='word_1_126' title='bbox 175 1150 262 1181; x_wconf 82' lang='lat' dir='ltr'>enim</span> <span class='ocrx_word' id='word_1_127' title='bbox 290 1147 415 1181; x_wconf 84' lang='lat' dir='ltr'>Paulus</span> <span class='ocrx_word' id='word_1_128' title='bbox 439 1149 484 1181; x_wconf 73' lang='lat' dir='ltr'>ait</span> <span class='ocrx_word' id='word_1_129' title='bbox 508 1150 549 1181; x_wconf 83' lang='lat' dir='ltr'>de</span> <span class='ocrx_word' id='word_1_130' title='bbox 575 1148 660 1189; x_wconf 80' lang='lat' dir='ltr'>illis,</span> <span class='ocrx_word' id='word_1_131' title='bbox 692 1149 768 1193; x_wconf 72' lang='lat' dir='ltr'>quia</span> <span class='ocrx_word' id='word_1_132' title='bbox 795 1152 953 1191; x_wconf 81' lang='lat' dir='ltr'>„umbrae</span> <span class='ocrx_word' id='word_1_133' title='bbox 969 1152 1002 1193; x_wconf 92' lang='lat'>²)</span> <span class='ocrx_word' id='word_1_134' title='bbox 1029 1161 1060 1185; x_wconf 82' lang='lat' dir='ltr'>et</span> <span class='ocrx_word' id='word_1_135' title='bbox 1085 1165 1194 1185; x_wconf 81' lang='lat' dir='ltr'>exem-</span> 
     </span>
     <span class='ocr_line' id='line_1_18' title="bbox 67 1210 1194 1256; baseline 0.003 -13"><span class='ocrx_word' id='word_1_136' title='bbox 67 1212 153 1256; x_wconf 79' lang='lat' dir='ltr'>plari</span> <span class='ocrx_word' id='word_1_137' title='bbox 185 1210 377 1243; x_wconf 85' lang='lat' dir='ltr'>deserviunt</span> <span class='ocrx_word' id='word_1_138' title='bbox 407 1210 638 1243; x_wconf 81' lang='lat' dir='ltr'>coelestium.“</span> <span class='ocrx_word' id='word_1_139' title='bbox 687 1211 733 1242; x_wconf 74' lang='lat' dir='ltr'>lnv</span> <span class='ocrx_word' id='word_1_140' title='bbox 757 1211 816 1243; x_wconf 83' lang='lat' dir='ltr'>hac</span> <span class='ocrx_word' id='word_1_141' title='bbox 848 1213 964 1244; x_wconf 83' lang='lat' dir='ltr'>eadem</span> <span class='ocrx_word' id='word_1_142' title='bbox 996 1213 1067 1254; x_wconf 78' lang='lat' dir='ltr'>lege</span> <span class='ocrx_word' id='word_1_143' title='bbox 1094 1214 1194 1246; x_wconf 73' lang='lat' dir='ltr'>etiam</span> 
     </span>
     <span class='ocr_line' id='line_1_19' title="bbox 66 1271 1194 1319; baseline 0.003 -14"><span class='ocrx_word' id='word_1_144' title='bbox 66 1272 288 1305; x_wconf 78' lang='lat' dir='ltr'>nihilominus</span> <span class='ocrx_word' id='word_1_145' title='bbox 313 1271 522 1310; x_wconf 71' lang='lat' dir='ltr'>continetur,</span> <span class='ocrx_word' id='word_1_146' title='bbox 556 1271 678 1316; x_wconf 84' lang='lat' dir='ltr'>quibus</span> <span class='ocrx_word' id='word_1_147' title='bbox 702 1272 830 1314; x_wconf 85' lang='lat' dir='ltr'>legibus</span> <span class='ocrx_word' id='word_1_148' title='bbox 855 1272 1042 1319; x_wconf 73' lang='lat' dir='ltr'>quibusque</span> <span class='ocrx_word' id='word_1_149' title='bbox 1064 1275 1194 1308; x_wconf 80' lang='lat' dir='ltr'>institu-</span> 
     </span>
     <span class='ocr_line' id='line_1_20' title="bbox 66 1333 1195 1370; baseline 0.002 -3"><span class='ocrx_word' id='word_1_150' title='bbox 66 1334 215 1367; x_wconf 82' lang='lat' dir='ltr'>tionibus</span> <span class='ocrx_word' id='word_1_151' title='bbox 247 1333 280 1366; x_wconf 82' lang='lat' dir='ltr'>in</span> <span class='ocrx_word' id='word_1_152' title='bbox 314 1342 402 1366; x_wconf 76' lang='lat' dir='ltr'>terra</span> <span class='ocrx_word' id='word_1_153' title='bbox 425 1343 537 1366; x_wconf 78' lang='lat' dir='ltr'>sancta</span> <span class='ocrx_word' id='word_1_154' title='bbox 563 1333 739 1365; x_wconf 78' lang='lat' dir='ltr'>vivendum</span> <span class='ocrx_word' id='word_1_155' title='bbox 765 1334 816 1366; x_wconf 84' lang='lat' dir='ltr'>sit.</span> <span class='ocrx_word' id='word_1_156' title='bbox 862 1335 930 1367; x_wconf 86' lang='lat' dir='ltr'>Sed</span> <span class='ocrx_word' id='word_1_157' title='bbox 956 1345 989 1368; x_wconf 86' lang='lat' dir='ltr'>et</span> <span class='ocrx_word' id='word_1_158' title='bbox 1014 1336 1195 1370; x_wconf 78' lang='lat' dir='ltr'>commina-</span> 
     </span>
     <span class='ocr_line' id='line_1_21' title="bbox 65 1394 1193 1440; baseline 0.002 -11"><span class='ocrx_word' id='word_1_159' title='bbox 65 1396 175 1429; x_wconf 78' lang='lat' dir='ltr'>tiones</span> <span class='ocrx_word' id='word_1_160' title='bbox 208 1395 338 1440; x_wconf 76' lang='lat' dir='ltr'>positae</span> <span class='ocrx_word' id='word_1_161' title='bbox 370 1403 447 1427; x_wconf 86' lang='lat' dir='ltr'>sunt</span> <span class='ocrx_word' id='word_1_162' title='bbox 477 1394 547 1433; x_wconf 86' lang='lat' dir='ltr'>his,</span> <span class='ocrx_word' id='word_1_163' title='bbox 583 1394 641 1439; x_wconf 85' lang='lat' dir='ltr'>qui</span> <span class='ocrx_word' id='word_1_164' title='bbox 674 1395 890 1439; x_wconf 75' lang='lat' dir='ltr'>praevaricati</span> <span class='ocrx_word' id='word_1_165' title='bbox 920 1396 1047 1430; x_wconf 80' lang='lat' dir='ltr'>suerint</span> <span class='ocrx_word' id='word_1_166' title='bbox 1069 1397 1193 1440; x_wconf 83' lang='lat' dir='ltr'>legem:</span> 
     </span>
     <span class='ocr_line' id='line_1_22' title="bbox 65 1455 1192 1504; baseline 0.003 -15"><span class='ocrx_word' id='word_1_167' title='bbox 65 1471 127 1490; x_wconf 85' lang='lat' dir='ltr'>nec</span> <span class='ocrx_word' id='word_1_168' title='bbox 152 1470 221 1490; x_wconf 90' lang='lat' dir='ltr'>non</span> <span class='ocrx_word' id='word_1_169' title='bbox 248 1466 281 1488; x_wconf 89' lang='lat' dir='ltr'>et</span> <span class='ocrx_word' id='word_1_170' title='bbox 304 1456 372 1496; x_wconf 66' lang='lat' dir='ltr'>luis,</span> <span class='ocrx_word' id='word_1_171' title='bbox 398 1456 456 1500; x_wconf 86' lang='lat' dir='ltr'>qui</span> <span class='ocrx_word' id='word_1_172' title='bbox 480 1455 717 1500; x_wconf 75' lang='lat' dir='ltr'>purificatione</span> <span class='ocrx_word' id='word_1_173' title='bbox 738 1456 948 1498; x_wconf 82' lang='lat' dir='ltr'>indigebant,</span> <span class='ocrx_word' id='word_1_174' title='bbox 979 1458 1107 1492; x_wconf 76' lang='lat' dir='ltr'>diversa</span> <span class='ocrx_word' id='word_1_175' title='bbox 1130 1473 1192 1504; x_wconf 85' lang='lat' dir='ltr'>pu-</span> 
     </span>
     <span class='ocr_line' id='line_1_23' title="bbox 64 1516 1194 1564; baseline 0.002 -12"><span class='ocrx_word' id='word_1_176' title='bbox 64 1519 290 1552; x_wconf 78' lang='lat' dir='ltr'>rificationum</span> <span class='ocrx_word' id='word_1_177' title='bbox 315 1530 445 1560; x_wconf 82' lang='lat' dir='ltr'>genera,</span> <span class='ocrx_word' id='word_1_178' title='bbox 472 1517 562 1549; x_wconf 82' lang='lat' dir='ltr'>velut</span> <span class='ocrx_word' id='word_1_179' title='bbox 580 1516 636 1561; x_wconf 88' lang='lat' dir='ltr'>qui</span> <span class='ocrx_word' id='word_1_180' title='bbox 654 1518 862 1561; x_wconf 82' lang='lat' dir='ltr'>frequentius</span> <span class='ocrx_word' id='word_1_181' title='bbox 881 1529 989 1552; x_wconf 83' lang='lat' dir='ltr'>essent</span> <span class='ocrx_word' id='word_1_182' title='bbox 1006 1521 1194 1564; x_wconf 84' lang='lat' dir='ltr'>polluendi,</span> 
     </span>
     <span class='ocr_line' id='line_1_24' title="bbox 65 1579 1194 1626; baseline 0.002 -12"><span class='ocrx_word' id='word_1_183' title='bbox 65 1582 252 1619; x_wconf 82' lang='lat' dir='ltr'>traduntur,</span> <span class='ocrx_word' id='word_1_184' title='bbox 275 1589 314 1612; x_wconf 82' lang='lat' dir='ltr'>ut</span> <span class='ocrx_word' id='word_1_185' title='bbox 337 1592 399 1623; x_wconf 87' lang='lat' dir='ltr'>per</span> <span class='ocrx_word' id='word_1_186' title='bbox 422 1579 503 1611; x_wconf 79' lang='lat' dir='ltr'>haec</span> <span class='ocrx_word' id='word_1_187' title='bbox 526 1579 661 1611; x_wconf 77' lang='lat' dir='ltr'>tandem</span> <span class='ocrx_word' id='word_1_188' title='bbox 688 1580 728 1611; x_wconf 85' lang='lat' dir='ltr'>ad</span> <span class='ocrx_word' id='word_1_189' title='bbox 755 1579 847 1612; x_wconf 81' lang='lat' dir='ltr'>illam</span> <span class='ocrx_word' id='word_1_190' title='bbox 873 1593 971 1613; x_wconf 85' lang='lat' dir='ltr'>unam</span> <span class='ocrx_word' id='word_1_191' title='bbox 989 1582 1194 1626; x_wconf 78' lang='lat' dir='ltr'>purificatio—</span> 
     </span>
     <span class='ocr_line' id='line_1_25' title="bbox 65 1640 1193 1685; baseline 0.002 -9"><span class='ocrx_word' id='word_1_192' title='bbox 65 1657 141 1676; x_wconf 86' lang='lat' dir='ltr'>nem</span> <span class='ocrx_word' id='word_1_193' title='bbox 177 1642 368 1685; x_wconf 76' lang='lat' dir='ltr'>veniant,³)</span> <span class='ocrx_word' id='word_1_194' title='bbox 398 1650 476 1685; x_wconf 87' lang='lat' dir='ltr'>post</span> <span class='ocrx_word' id='word_1_195' title='bbox 508 1653 607 1685; x_wconf 86' lang='lat' dir='ltr'>quam</span> <span class='ocrx_word' id='word_1_196' title='bbox 637 1640 746 1685; x_wconf 83' lang='lat' dir='ltr'>pollui</span> <span class='ocrx_word' id='word_1_197' title='bbox 779 1641 866 1674; x_wconf 85' lang='lat' dir='ltr'>ultra</span> <span class='ocrx_word' id='word_1_198' title='bbox 896 1656 965 1675; x_wconf 91' lang='lat' dir='ltr'>non</span> <span class='ocrx_word' id='word_1_199' title='bbox 989 1643 1078 1677; x_wconf 85' lang='lat' dir='ltr'>licet.</span> <span class='ocrx_word' id='word_1_200' title='bbox 1125 1645 1193 1678; x_wconf 84' lang='lat' dir='ltr'>Sed</span> 
     </span>
     <span class='ocr_line' id='line_1_26' title="bbox 67 1702 1192 1748; baseline 0.002 -11"><span class='ocrx_word' id='word_1_201' title='bbox 67 1704 146 1748; x_wconf 66' lang='lat' dir='ltr'>‹et-⁴)</span> <span class='ocrx_word' id='word_1_202' title='bbox 186 1704 226 1735; x_wconf 79' lang='lat' dir='ltr'>ad</span> <span class='ocrx_word' id='word_1_203' title='bbox 266 1715 442 1735; x_wconf 87' lang='lat' dir='ltr'>numerum</span> <span class='ocrx_word' id='word_1_204' title='bbox 479 1703 626 1747; x_wconf 90' lang='lat' dir='ltr'>populus</span> <span class='ocrx_word' id='word_1_205' title='bbox 663 1702 734 1746; x_wconf 83' lang='lat' dir='ltr'>ipse</span> <span class='ocrx_word' id='word_1_206' title='bbox 774 1703 971 1742; x_wconf 78' lang='lat' dir='ltr'>deducitur,</span> <span class='ocrx_word' id='word_1_207' title='bbox 1011 1705 1090 1737; x_wconf 86' lang='lat' dir='ltr'>licet</span> <span class='ocrx_word' id='word_1_208' title='bbox 1127 1719 1192 1739; x_wconf 91' lang='lat' dir='ltr'>non</span> 
     </span>
     <span class='ocr_line' id='line_1_27' title="bbox 67 1762 1194 1810; baseline 0.001 -12"><span class='ocrx_word' id='word_1_209' title='bbox 67 1778 202 1798; x_wconf 89' lang='lat' dir='ltr'>omnes:</span> <span class='ocrx_word' id='word_1_210' title='bbox 234 1763 380 1809; x_wconf 85' lang='lat' dir='ltr'>pueriles</span> <span class='ocrx_word' id='word_1_211' title='bbox 411 1777 555 1808; x_wconf 84' lang='lat' dir='ltr'>namque</span> <span class='ocrx_word' id='word_1_212' title='bbox 580 1762 708 1795; x_wconf 78' lang='lat' dir='ltr'>animae</span> <span class='ocrx_word' id='word_1_213' title='bbox 735 1764 888 1796; x_wconf 88' lang='lat' dir='ltr'>nondum</span> <span class='ocrx_word' id='word_1_214' title='bbox 914 1773 1046 1810; x_wconf 77' lang='lat' dir='ltr'>tempus</span> <span class='ocrx_word' id='word_1_215' title='bbox 1070 1766 1194 1800; x_wconf 82' lang='lat' dir='ltr'>hahent</span> 
     </span>
     <span class='ocr_line' id='line_1_28' title="bbox 65 1824 1195 1871; baseline 0.001 -11"><span class='ocrx_word' id='word_1_216' title='bbox 65 1841 103 1860; x_wconf 86' lang='lat' dir='ltr'>ex</span> <span class='ocrx_word' id='word_1_217' title='bbox 128 1826 243 1860; x_wconf 80' lang='lat' dir='ltr'>divino</span> <span class='ocrx_word' id='word_1_218' title='bbox 268 1834 453 1870; x_wconf 75' lang='lat' dir='ltr'>praecepto</span> <span class='ocrx_word' id='word_1_219' title='bbox 479 1824 666 1860; x_wconf 74' lang='lat' dir='ltr'>numerari:</span> <span class='ocrx_word' id='word_1_220' title='bbox 702 1825 833 1865; x_wconf 29' lang='lat' dir='ltr'>sed-ne</span> <span class='ocrx_word' id='word_1_221' title='bbox 858 1825 938 1858; x_wconf 73' lang='lat' dir='ltr'>illae</span> <span class='ocrx_word' id='word_1_222' title='bbox 964 1827 1100 1871; x_wconf 82' lang='lat' dir='ltr'>quidem</span> <span class='ocrx_word' id='word_1_223' title='bbox 1125 1829 1195 1861; x_wconf 77' lang='lat' dir='ltr'>ani-</span> 
     </span>
     <span class='ocr_line' id='line_1_29' title="bbox 65 1885 1194 1933; baseline 0.001 -12"><span class='ocrx_word' id='word_1_224' title='bbox 65 1902 151 1929; x_wconf 83' lang='lat' dir='ltr'>mae,</span> <span class='ocrx_word' id='word_1_225' title='bbox 174 1901 260 1933; x_wconf 80' lang='lat' dir='ltr'>quae</span> <span class='ocrx_word' id='word_1_226' title='bbox 282 1900 350 1920; x_wconf 91' lang='lat' dir='ltr'>non</span> <span class='ocrx_word' id='word_1_227' title='bbox 375 1896 516 1931; x_wconf 88' lang='lat' dir='ltr'>possunt</span> <span class='ocrx_word' id='word_1_228' title='bbox 538 1886 612 1918; x_wconf 83' lang='lat' dir='ltr'>fieri</span> <span class='ocrx_word' id='word_1_229' title='bbox 637 1885 772 1918; x_wconf 79' lang='lat' dir='ltr'>alterius</span> <span class='ocrx_word' id='word_1_230' title='bbox 798 1897 908 1931; x_wconf 72' lang='lat' dir='ltr'>caput,</span> <span class='ocrx_word' id='word_1_231' title='bbox 932 1888 990 1920; x_wconf 88' lang='lat' dir='ltr'>sed</span> <span class='ocrx_word' id='word_1_232' title='bbox 1009 1888 1100 1932; x_wconf 77' lang='lat' dir='ltr'>ipsae</span> <span class='ocrx_word' id='word_1_233' title='bbox 1117 1890 1194 1922; x_wconf 85' lang='lat' dir='ltr'>sub-</span> 
     </span>
     <span class='ocr_line' id='line_1_30' title="bbox 67 1947 1194 1992; baseline 0.001 -9"><span class='ocrx_word' id='word_1_234' title='bbox 67 1952 156 1983; x_wconf 84' lang='lat' dir='ltr'>ditae</span> <span class='ocrx_word' id='word_1_235' title='bbox 198 1959 274 1981; x_wconf 89' lang='lat' dir='ltr'>sunt</span> <span class='ocrx_word' id='word_1_236' title='bbox 311 1949 385 1982; x_wconf 75' lang='lat' dir='ltr'>aliis</span> <span class='ocrx_word' id='word_1_237' title='bbox 416 1949 508 1981; x_wconf 80' lang='lat' dir='ltr'>velut</span> <span class='ocrx_word' id='word_1_238' title='bbox 540 1947 660 1992; x_wconf 80' lang='lat' dir='ltr'>capiti,</span> <span class='ocrx_word' id='word_1_239' title='bbox 698 1961 778 1992; x_wconf 76' lang='lat' dir='ltr'>quas</span> <span class='ocrx_word' id='word_1_240' title='bbox 808 1948 967 1982; x_wconf 77' lang='lat' dir='ltr'>mulieres</span> <span class='ocrx_word' id='word_1_241' title='bbox 998 1950 1194 1992; x_wconf 82' lang='lat' dir='ltr'>nominavit,</span> 
     </span>
    </p>
   </div>
   <div class='ocr_carea' id='block_1_3' title="bbox 68 2009 1193 2059">
    <p class='ocr_par' dir='ltr' id='par_1_3' title="bbox 68 2009 1193 2059">
     <span class='ocr_line' id='line_1_31' title="bbox 68 2009 1193 2059; baseline 0.004 -16"><span class='ocrx_word' id='word_1_242' title='bbox 68 2025 151 2056; x_wconf 71' lang='lat' dir='ltr'>quae</span> <span class='ocrx_word' id='word_1_243' title='bbox 183 2011 299 2055; x_wconf 86' lang='lat' dir='ltr'>utique</span> <span class='ocrx_word' id='word_1_244' title='bbox 330 2023 399 2042; x_wconf 88' lang='lat' dir='ltr'>non</span> <span class='ocrx_word' id='word_1_245' title='bbox 429 2009 686 2053; x_wconf 72' lang='lat' dir='ltr'>adducuntur⁵)</span> <span class='ocrx_word' id='word_1_246' title='bbox 717 2009 750 2041; x_wconf 82' lang='lat' dir='ltr'>in</span> <span class='ocrx_word' id='word_1_247' title='bbox 781 2022 960 2043; x_wconf 84' lang='lat' dir='ltr'>numerum</span> <span class='ocrx_word' id='word_1_248' title='bbox 984 2011 1098 2052; x_wconf 83' lang='lat' dir='ltr'>illum,</span> <span class='ocrx_word' id='word_1_249' title='bbox 1135 2014 1193 2059; x_wconf 83' lang='lat' dir='ltr'>qui</span> 
     </span>
    </p>
   </div>
   <div class='ocr_carea' id='block_1_4' title="bbox 187 2094 314 2098">
    <p class='ocr_par' dir='ltr' id='par_1_4' title="bbox 187 2094 314 2098">
     <span class='ocr_line' id='line_1_32' title="bbox 187 2094 314 2098; baseline 0 0"><span class='ocrx_word' id='word_1_250' title='bbox 187 2094 314 2098; x_wconf 95' lang='lat' dir='ltr'> </span> 
     </span>
    </p>
   </div>
   <div class='ocr_carea' id='block_1_5' title="bbox 160 2143 1170 2359">
    <p class='ocr_par' dir='ltr' id='par_1_5' title="bbox 164 2143 889 2189">
     <span class='ocr_line' id='line_1_33' title="bbox 164 2143 889 2189; baseline -0.001 -10"><span class='ocrx_word' id='word_1_251' title='bbox 164 2148 194 2189; x_wconf 84' lang='lat'>¹)</span> <span class='ocrx_word' id='word_1_252' title='bbox 218 2146 436 2179; x_wconf 68' lang='lat' dir='ltr'>Desidet-atur</span> <span class='ocrx_word' id='word_1_253' title='bbox 462 2143 582 2176; x_wconf 74' lang='lat' dir='ltr'>abhinc</span> <span class='ocrx_word' id='word_1_254' title='bbox 608 2152 716 2176; x_wconf 79' lang='lat' dir='ltr'>textus</span> <span class='ocrx_word' id='word_1_255' title='bbox 740 2157 889 2186; x_wconf 75' lang='lat' dir='ltr'>graecus.</span> 
     </span>
    </p>

    <p class='ocr_par' dir='ltr' id='par_1_6' title="bbox 160 2199 1170 2302">
     <span class='ocr_line' id='line_1_34' title="bbox 160 2199 1170 2247; baseline 0.002 -12"><span class='ocrx_word' id='word_1_256' title='bbox 160 2204 194 2247; x_wconf 77' lang='lat'>²)</span> <span class='ocrx_word' id='word_1_257' title='bbox 219 2203 324 2235; x_wconf 76' lang='lat' dir='ltr'>Hebr.</span> <span class='ocrx_word' id='word_1_258' title='bbox 351 2201 441 2239; x_wconf 69' lang='lat' dir='ltr'>vill,</span> <span class='ocrx_word' id='word_1_259' title='bbox 466 2201 495 2234; x_wconf 81' lang='grc'>5.</span> <span class='ocrx_word' id='word_1_260' title='bbox 592 2200 625 2244; x_wconf 82' lang='lat'>³)</span> <span class='ocrx_word' id='word_1_261' title='bbox 651 2199 713 2234; x_wconf 82' lang='lat' dir='ltr'>Ed.</span> <span class='ocrx_word' id='word_1_262' title='bbox 739 2201 870 2246; x_wconf 80' lang='lat' dir='ltr'>Redep.</span> <span class='ocrx_word' id='word_1_263' title='bbox 893 2202 980 2235; x_wconf 75' lang='lat' dir='ltr'>sola:</span> <span class='ocrx_word' id='word_1_264' title='bbox 1009 2203 1170 2244; x_wconf 65' lang='lat' dir='ltr'>„veniat.‘⁵</span> 
     </span>
     <span class='ocr_line' id='line_1_35' title="bbox 162 2255 688 2302; baseline -0.008 -11"><span class='ocrx_word' id='word_1_265' title='bbox 162 2260 197 2302; x_wconf 83' lang='lat'>⁴)</span> <span class='ocrx_word' id='word_1_266' title='bbox 223 2259 325 2290; x_wconf 84' lang='lat' dir='ltr'>Deest</span> <span class='ocrx_word' id='word_1_267' title='bbox 352 2261 425 2297; x_wconf 78' lang='lat' dir='ltr'>„ct“</span> <span class='ocrx_word' id='word_1_268' title='bbox 452 2257 485 2288; x_wconf 78' lang='lat' dir='ltr'>in</span> <span class='ocrx_word' id='word_1_269' title='bbox 512 2257 562 2288; x_wconf 88' lang='lat' dir='ltr'>ed.</span> <span class='ocrx_word' id='word_1_270' title='bbox 589 2256 637 2289; x_wconf 84' lang='lat' dir='ltr'>M.</span> <span class='ocrx_word' id='word_1_271' title='bbox 664 2255 688 2291; x_wconf 76' lang='lat' dir='ltr'>l,</span> 
     </span>
    </p>

    <p class='ocr_par' dir='ltr' id='par_1_7' title="bbox 163 2312 1136 2359">
     <span class='ocr_line' id='line_1_36' title="bbox 163 2312 1136 2359; baseline -0.002 -11"><span class='ocrx_word' id='word_1_272' title='bbox 163 2316 197 2359; x_wconf 83' lang='lat'>⁵)</span> <span class='ocrx_word' id='word_1_273' title='bbox 222 2314 279 2348; x_wconf 84' lang='lat' dir='ltr'>Sic</span> <span class='ocrx_word' id='word_1_274' title='bbox 304 2315 383 2348; x_wconf 62' lang='lat' dir='ltr'>Mss.</span> <span class='ocrx_word' id='word_1_275' title='bbox 409 2313 502 2346; x_wconf 80' lang='lat' dir='ltr'>Editi</span> <span class='ocrx_word' id='word_1_276' title='bbox 527 2313 573 2356; x_wconf 83' lang='lat' dir='ltr'>(v.</span> <span class='ocrx_word' id='word_1_277' title='bbox 601 2325 628 2345; x_wconf 90' lang='lat' dir='ltr'>c.</span> <span class='ocrx_word' id='word_1_278' title='bbox 654 2312 730 2344; x_wconf 84' lang='lat' dir='ltr'>edd.</span> <span class='ocrx_word' id='word_1_279' title='bbox 758 2312 829 2357; x_wconf 67' lang='lat' dir='ltr'>M.)</span> <span class='ocrx_word' id='word_1_280' title='bbox 850 2314 1071 2354; x_wconf 62' lang='lat' dir='ltr'>„addunturf‘</span> <span class='ocrx_word' id='word_1_281' title='bbox 1098 2315 1136 2348; x_wconf 78' lang='lat' dir='ltr'>R.</span> 
     </span>
    </p>
   </div>
  </div>
 </body>
</html>
