1404 2463
419 103 462 125 ne
488 93 686 125 ancu‘ns
711 92 825 124 me
853 91 910 125 ΙΙΙ.
1178 92 1245 127 363

196 181 226 214 4.
276 182 373 213 Nunc
407 194 485 213 vero
518 180 726 225 quoniam')
761 181 851 225 apud
878 181 1072 224 apostolum
1099 182 1244 214 mentio-

106 254 182 274 nem
218 241 401 286 spiritualis
434 242 586 286 corporis
617 240 825 281 invenimus,
861 241 1006 285 qualiter
1043 241 1142 273 etiam
1167 242 1246 274 inde

105 303 220 335 sentiri
250 303 370 335 debeat
406 304 447 335 de
480 303 563 342 hoc,
596 303 835 335 tantummodo
861 311 965 346 prout
989 314 1167 346 possumus
1194 316 1247 338 re-

106 364 287 408 quiramus.
337 363 510 406 Quantum
554 376 632 405 ergo
671 376 786 395 sensus
819 372 934 395 noster
970 376 1089 407 capere
1122 373 1246 407 potest,

106 425 301 469 qualitatem
327 424 510 468 spiritualis
536 423 690 468 corporis
715 425 817 456 tatem
844 424 1059 468 quandam²)
1087 437 1155 456 esse
1172 437 1246 456 sen-

106 486 226 525 timus,
264 485 298 518 in
333 497 400 529 quo
416 485 450 529 3)
489 485 674 517 inhabitare
712 485 831 517 deceat
866 498 934 517 non
972 484 1084 517 solum
1119 494 1248 517 sanctas

106 559 254 591 quasque
286 546 520 590 perfectasque
545 545 689 584 animas,
725 559 841 578 verum
869 545 968 577 etiam
995 559 1133 578 omnem
1147 546 1180 590 ⁴)
1206 547 1248 578 il-

104 609 172 639 iam
198 616 402 646 creaturam,
440 619 525 650 quae
551 606 751 639 liberabitur
782 620 800 639 a
824 607 984 639 servitute
1009 607 1248 651 corruptionis.

108 669 206 711 De⁵)
239 680 385 712 corpore
423 667 523 700 etiam
557 667 645 699 illud
676 669 851 712 apostolus
883 668 984 700 dixit:
1025 668 1200 708 „Domum
1214 669 1247 712 ⁶)

104 730 264 762 habemus
287 741 356 761 non
381 741 482 760 manu
507 729 647 768 saetam,
680 738 850 761 aeternam
874 729 908 761 in
934 729 1087 761 coelis:“
1128 729 1160 761 id
1188 739 1248 767 est,

104 791 137 822 in
170 789 402 822 mansionibus
433 790 624 822 beatorum.
671 791 720 823 Ex
754 791 820 823 hoc
856 803 935 832 ergo
968 790 1247 834 conjecturam7)

104 863 223 895 capere
254 863 451 895 possumus,
484 859 628 894 quantae
659 851 835 894 puritatis,
873 860 1015 895 quantae
1040 851 1247 890 subtilitatis,

104 921 314 957 quantaeque
347 911 476 953 gloriae
503 911 546 944 sit
571 911 713 956 qualitas
737 912 892 956 corporis
916 912 1026 953 illius,
1057 911 1084 943 si
1111 925 1249 956 compa-

107 973 273 1006 rationem
298 973 457 1005 faciamus
483 972 553 1017 ejus
577 973 618 1005 ad
645 985 699 1012 ca,
732 986 818 1017 quae
842 986 949 1012 nunc,
982 972 1062 1005 licet
1087 973 1246 1005 coelestia

104 1035 213 1077 sintss)
239 1043 273 1066 et
296 1033 568 1077 splendidissima
593 1046 757 1078 corpora,
787 1047 886 1066 manu
913 1034 999 1066 facta
1024 1043 1137 1066 tamen
1160 1044 1247 1073 sunt,

106 1106 138 1128 et
169 1095 324 1128 visibilia.
372 1095 426 1127 De
458 1095 520 1127 illo
553 1104 664 1127 autem
697 1095 839 1134 dicitur,
877 1096 997 1127 domus
1010 1095 1045 1138 9)
1078 1108 1148 1127 esse
1179 1108 1246 1128 non

106 1170 207 1188 manu
232 1157 336 1195 facta,
371 1157 430 1188 sed
462 1165 596 1188 aeterna
621 1155 654 1188 in
681 1156 796 1188 coelis.
846 1155 935 1199 Quia
961 1168 1041 1197 ergo
1069 1169 1177 1200 „quae
1194 1158 1247 1200 ¹⁰)

107 1219 278 1257 videmur,
321 1217 521 1262 temporalia
559 1226 655 1256 sunt,
694 1230 780 1261 quae
819 1227 931 1249 autem
970 1230 1038 1249 non
1079 1217 1249 1258 videntur,

106 1289 239 1311 aeterna
265 1279 364 1323 (154)
395 1281 502 1317 sunt,“
537 1277 696 1310 omnibus
729 1277 779 1310 his
812 1278 1032 1322 corporibus,
1070 1292 1155 1322 quae
1179 1279 1248 1311 sive

106 1341 138 1373 in
164 1341 280 1380 terris,
312 1339 382 1371 sive
406 1339 439 1370 in
465 1339 568 1371 coelis
595 1339 764 1379 videmus,
796 1348 830 1371 et
855 1352 940 1383 quae
966 1339 1071 1371 videri
1097 1350 1249 1384 possunt,

108 1412 141 1434 et
172 1413 273 1433 manu
306 1401 391 1432 sacta
424 1409 518 1438 sunt,
555 1409 589 1431 et
620 1409 753 1432 aeterna
785 1412 854 1432 non
885 1409 980 1438 sunt,
1017 1400 1124 1432 multa
1150 1401 1248 1442 longe

107 1462 317 1507 praelatione
340 1460 518 1505 praecellit
543 1460 640 1501 illud,
667 1462 760 1505 quod
786 1470 819 1493 et
845 1460 978 1493 visibile
1003 1474 1070 1493 non
1097 1471 1156 1504 est,
1187 1475 1249 1495 nec

107 1537 207 1556 manu
240 1524 365 1555 factum
399 1531 463 1560 est,
499 1522 557 1554 sed
589 1531 763 1554 aeternum
797 1531 855 1554 est.
903 1522 951 1554 Ex
986 1535 1050 1566 qua
1075 1535 1250 1569 compara-

209 1656 238 1697 ¹)
265 1655 322 1688 Sic
347 1656 426 1687 Mss.
452 1654 544 1686 Edini
571 1656 617 1697 (v.
643 1667 670 1686 c.
697 1654 774 1687 edd.
802 1654 867 1697 Μ.)
901 1653 1084 1698 „quoniam
1111 1666 1248 1700 aposto-

109 1703 178 1733 lum
204 1700 347 1732 Paulum
372 1699 581 1731 mentionem
599 1698 782 1743 spiritualis
800 1698 917 1731 fecisse
936 1699 1141 1733 invenimus:
1167 1715 1250 1746 qua.

111 1746 187 1778 liter
211 1746 310 1776 etiam
336 1744 417 1776 mihi
442 1744 558 1776 sentiri
583 1744 724 1775 debeat“
752 1752 814 1775 etc.
841 1744 881 1775 R.

203 1801 236 1844 ²)
261 1800 318 1832 Sic
346 1801 422 1831 Mss.
448 1799 542 1831 Editi
569 1801 614 1843 (v.
639 1812 668 1832 e.
693 1799 769 1830 edd.
796 1799 862 1843 Μ.)
888 1798 1084 1843 ‚,quidem.“
1115 1801 1151 1834 R.

203 1856 237 1897 ³)
263 1855 351 1888 Edd.
377 1856 424 1887 M.
452 1858 569 1898 „qua.“

206 1911 239 1954 ⁴)
265 1910 321 1942 Sic
347 1911 427 1943 Mss.
453 1910 491 1941 ln
517 1909 614 1941 editis
640 1909 688 1953 (v.
708 1922 735 1942 c.
755 1909 830 1941 edd.
844 1909 910 1953 Μ.)
936 1910 1031 1942 deest
1058 1924 1247 1945 »omnemsz

114 1958 151 1989 R.
181 1975 217 1980 ——
258 1955 327 1987 Cfr.
362 1955 460 1988 Rom.
485 1955 584 1994 vm,
617 1954 670 1987 21.
704 1954 784 1986 coll.
823 1954 876 1986 ed.
911 1955 1042 1998 Redep.
1074 1969 1146 2000 pag.
1171 1957 1249 1993 323.

112 2009 182 2032 not.
211 2002 238 2034 1.

205 2055 238 2097 ⁵)
265 2053 321 2086 Sic
348 2054 426 2086 Mss.
459 2053 551 2085 Editi
585 2054 630 2096 (v,
658 2065 686 2087 e.
711 2054 788 2086 edd.
815 2055 882 2096 M.)
909 2056 982 2095 „De
1010 2069 1076 2100 quo
1104 2070 1248 2101 corpore

113 2100 211 2133 etiam
238 2099 361 2131 Paulus
387 2098 562 2141 apostolus
588 2097 701 2130 dixit.“
730 2099 767 2131 R.
863 2101 897 2142 6)
927 2101 937 2131 l
964 2100 1045 2135 Cor.
1073 2101 1111 2140 V,
1139 2103 1168 2135 1,

209 2156 240 2195 ⁷)
268 2154 408 2197 Optime
444 2153 524 2185 Mss.
558 2153 848 2198 „conjecturam.“
898 2156 989 2188 Male
1026 2156 1109 2189 editi
1140 2158 1187 2200 (v.
1220 2172 1249 2190 r.

114 2200 189 2232 edd.
219 2200 282 2242 M.)
311 2208 365 2238 „ct
391 2203 595 2230 censuram.“
625 2199 662 2232 R.
714 2200 747 2241 ⁸)
773 2199 878 2231 Deest
905 2201 1011 2241 „sint“
1041 2202 1072 2233 in
1100 2203 1176 2235 edd.
1204 2204 1249 2235 M.

211 2256 244 2297 ς’)
274 2255 343 2287 Csr.
373 2255 382 2284 l
412 2254 489 2287 Cor.
517 2255 556 2292 V,
586 2254 612 2287 l.
716 2254 767 2296 ¹⁰)
794 2255 862 2286 Csr.
893 2256 919 2288 ll
949 2257 1026 2289 Cor.
1057 2258 1113 2295 lV,
1142 2258 1190 2290 18.
