1404 2463
396 120 440 142 DE
467 110 658 143 ancwns
682 111 793 142 Lissmz
817 111 839 141 l.
1137 108 1180 141 79

62 199 118 230 sed
143 211 183 230 ne
208 198 241 230 in
267 198 332 232 illis
357 200 491 244 quidem
522 200 681 241 inveniri,
713 200 769 243 qui
800 198 1013 231 rationabiles
1045 198 1180 242 quidem

62 268 148 297 sunt,
172 261 230 292 sed
254 261 286 293 in
311 261 436 294 malitia
461 261 580 305 positi,
612 274 672 293 nec
704 260 839 292 omnino
871 261 912 292 ad
937 260 1076 291 meliora
1102 273 1181 291 con-

62 321 158 354 versi.
207 323 243 354 ln
267 323 332 354 illis
357 323 436 354 solis
460 322 604 354 arbitror
627 336 694 355 esse
711 336 795 367 opus
813 321 958 366 Spiritus
981 321 1096 363 sancti,
1122 321 1180 364 qui

60 381 126 426 jam
151 396 185 415 se
210 385 251 416 ad
275 385 414 416 meliora
445 393 661 424 convertunt,
696 393 728 416 et
759 397 819 428 per
850 383 915 415 vias
948 382 1071 414 Christi
1101 383 1181 414 Jesu

60 443 229 484 incedunt,
252 445 285 477 id
310 455 368 486 est,
395 445 450 490 qui
474 455 550 478 sunt
574 445 606 478 in
631 446 727 478 bonis
747 446 885 484 actibus,
911 453 942 476 et
960 444 991 476 iu
1007 445 1082 475 Deo
1107 457 1182 487 per-

60 515 202 539 manent.

150 567 180 601 6.
228 567 316 611 Quia
333 568 363 612 ¹)
388 578 498 600 autem
524 569 677 613 operatio
703 569 809 601 Patris
834 578 867 600 et
889 568 970 600 Filii
995 577 1027 600 et
1051 568 1083 600 in
1108 580 1180 599 san-

61 628 138 667 ctis,
169 638 201 661 et
231 629 263 661 in
275 631 309 673 ²)
334 630 564 674 peccatoribus
595 631 654 670 sit,
687 630 916 663 manifestatur
940 643 976 662 ex
1003 643 1063 669 eo,
1085 630 1179 676 quod

63 703 188 729 omnes,
213 691 270 735 qui
292 691 506 724 rationabiles
531 702 622 735 sunt,
648 693 759 733 verbi,
788 691 823 724 id
849 701 895 724 est
919 692 1056 724 rationis
1080 691 1182 736 parti-

62 752 150 796 cipes
177 761 261 791 sunt,
287 762 320 785 et
343 765 405 797 per
439 754 502 786 hoc
535 755 627 786 velut
651 755 812 798 quaedam
843 754 968 786 semina
1000 753 1094 786 insita
1118 753 1181 785 sibi

60 812 220 858 gerunt³)
252 814 430 858 sapientiae
463 825 495 847 et
524 815 684 860 justitiae,
720 817 811 860 quod
848 825 896 849 est
926 816 1084 849 Christus.
1131 815 1180 847 Ex

60 887 100 906 eo
125 884 254 914 autem,
289 875 346 920 qui
378 890 454 908 vere
490 886 554 916 est,
595 878 651 921 qui
677 878 757 910 dixit
782 891 842 922 per
865 878 1001 910 Mosen:
1041 876 1132 918 „Ego
1147 876 1181 920 ⁴)

58 949 130 968 sum
156 937 212 981 qui
236 941 353 969 sum:“
380 939 490 970 onmia
513 951 731 983 quaecunque
756 948 830 971 sunt
850 938 1070 983 participant:
1097 951 1180 982 quae

59 998 271 1042 participatio
296 999 361 1031 Dei
386 1000 486 1044 patris
511 1001 664 1044 pervenit
681 1000 713 1032 in
732 1014 847 1032 omnes
859 1010 925 1033 tam
942 1000 1056 1044 justos,
1082 1012 1179 1044 quam

60 1068 263 1102 peccatores,
288 1069 320 1092 et
343 1061 557 1093 rationabiles
581 1071 680 1105 atque
694 1061 947 1101 irrationabiles,
967 1071 999 1094 et
1022 1061 1055 1093 in
1071 1060 1181 1093 omnia

62 1121 199 1153 omnino
241 1135 324 1165 quae
356 1131 440 1155 sunt.
488 1123 644 1155 Ostendit
674 1137 749 1155 sane
785 1133 816 1155 et
845 1125 1017 1167 apostolus
1046 1124 1182 1162 Paulus,

62 1184 152 1227 quod
168 1196 283 1215 omnes
302 1184 441 1215 habeant
462 1184 675 1229 participium
691 1186 722 1228 ⁵)
735 1197 737 1200 ⁴
751 1185 881 1225 Christi,
908 1185 1040 1218 dicens:
1067 1185 1183 1227 „Ne⁶)

61 1245 182 1278 dixeris
205 1245 238 1277 in
264 1246 364 1278 corde
387 1255 465 1277 tuo:
493 1246 564 1289 quis
585 1247 807 1290 adscendet7)
831 1247 865 1278 in
884 1247 1039 1280 coetum?
1062 1247 1096 1279 id
1122 1256 1181 1284 est,

62 1307 231 1340 Christum
257 1308 438 1339 deducere:
463 1315 518 1338 aut
543 1307 615 1351 quis
636 1308 861 1352 descendets)
886 1308 919 1341 in
945 1309 1120 1355 abyssum?
1145 1308 1180 1340 id

61 1378 118 1408 est,
144 1368 311 1402 Christum
343 1381 361 1400 a
393 1368 533 1400 mortuis
564 1382 732 1402 revocare.
789 1370 856 1403 Sed
881 1370 961 1414 quid
988 1370 1069 1402 dicit
1092 1370 1181 1402 Scri-

58 1429 179 1474 ptura?
200 1430 313 1474 Prope
329 1431 362 1474 9)
388 1439 433 1462 est
459 1431 596 1462 verbum
621 1431 654 1462 in
680 1444 738 1463 ore
763 1440 834 1471 tuo,
859 1441 891 1463 et
915 1432 946 1463 in
967 1433 1178 1465 corde1u‹›.“

58 1493 107 1525 Ex
131 1504 198 1535 quo
223 1491 256 1523 in
281 1492 382 1523 corde
398 1491 450 1536 ¹⁰)
476 1492 625 1524 omnium
655 1492 814 1534 significat
846 1506 914 1525 esse
940 1493 1108 1526 Christum
1133 1506 1182 1525 se-

59 1554 204 1585 cundum
228 1552 281 1594 id,
312 1554 403 1597 quod
437 1555 575 1586 verbum
599 1555 653 1587 vel
678 1554 764 1588 ratio
790 1563 855 1595 est,
886 1554 978 1600 cujus
1002 1555 1181 1599 participa-

59 1614 152 1647 tione
176 1614 390 1647 rationabiles
413 1625 497 1648 sunt.
545 1617 612 1649 Sed
639 1626 670 1649 et
692 1616 799 1656 illud,
829 1617 919 1661 quod
952 1617 983 1649 in
1010 1617 1180 1659 evangelio

157 1749 186 1792 Ι)
211 1748 268 1781 Sic
300 1762 416 1782 omnes
448 1750 555 1784 Codd.
587 1751 665 1783 Mss.
699 1751 790 1783 Alias
820 1751 865 1794 (v.
899 1764 925 1784 c.
956 1751 988 1783 in
1015 1751 1088 1782 edd.
1114 1752 1180 1794 M.)

63 1794 171 1837 „Quin
197 1806 278 1838 quae
305 1795 456 1838 operatio
482 1816 522 1821 —-
547 1795 597 1835 sit,
622 1796 852 1838 manifestatur
875 1809 912 1828 ex
936 1810 988 1835 eo,
1013 1797 1102 1840 quud
1130 1809 1179 1828 ra-

61 1838 237 1871 tionabiles
251 1852 376 1879 omnes,
391 1840 447 1884 qui
463 1851 548 1881 sunt,
564 1842 655 1874 verbi
669 1842 746 1880 Dei,
764 1841 796 1873 id
815 1850 862 1873 est
877 1841 1034 1874 rationis“
1048 1851 1098 1873 etc
1118 1841 1155 1873 l'x.

148 1896 183 1940 2)
207 1895 312 1927 Deest
338 1894 411 1936 „in“
438 1896 471 1929 in
496 1898 548 1930 ed.
572 1898 700 1942 Redep.

152 1951 186 1994 ³)
211 1951 298 1984 Edd.
325 1952 373 1984 ῙΜ.
401 1953 564 1993 „genuit.“
658 1953 691 1996 4)
716 1954 822 1987 Exod.
848 1955 905 1994 lll,
931 1954 981 1988 14,

152 2008 186 2050 ⁵)
211 2007 278 2040 Cfr.
305 2008 356 2039 cd.
380 2008 507 2053 Redep.
531 2023 602 2053 pag.
631 2009 703 2044 1¹28.
727 2019 797 2042 not.
823 2011 853 2044 4.

151 2065 185 2108 ⁶)
210 2064 310 2096 Rom.
333 2063 376 2103 X,
401 2063 499 2098 ss—S.
524 2066 602 2097 coll.
626 2066 727 2098 Deut.
751 2066 861 2106 XXX,
888 2067 1027 2101 ll—ll.

152 2120 184 2163 ⁷)
210 2119 265 2152 Sic
289 2119 367 2151 Mss.
394 2119 483 2152 Alias
510 2123 553 2164 (v.
583 2134 599 2152 c
634 2121 666 2152 in
691 2123 765 2155 edd.
790 2123 854 2166 M.)
888 2122 1111 2163 „aclscemlhf‘
1140 2124 1176 2155 R.

154 2176 188 2218 8)
212 2175 268 2209 Sic
293 2176 369 2207 Mss.
396 2176 486 2208 Alias
510 2177 557 2219 (v.
583 2191 609 2210 c.
634 2176 667 2208 in
693 2178 765 2209 edd.
792 2179 856 2222 M.)
884 2179 1107 2221 ‚‚desccndit.“
1136 2181 1161 2210 ll

152 2231 185 2275 9)
210 2232 278 2264 Cfr.
303 2232 405 2264 Dent.
429 2233 541 2273 XXX,
568 2234 618 2267 1—1.

133 2288 185 2330 10)
212 2287 282 2320 Csr.
308 2289 359 2321 etl.
384 2289 511 2333 levp.
535 2302 606 2333 pag.
633 2289 704 2323 128.
729 2299 795 2323 not.
819 2290 849 2323 (J.
