1404 2463
169 117 237 153 414
652 116 831 150 Ommzffls

171 209 256 247 hoc,
299 206 438 252 quod¹)
476 205 660 250 praecipit:
704 206 916 249 „Honora²)
952 215 1085 250 patrem
1122 215 1239 247 tuum,
1279 215 1313 240 et

169 277 313 302 matrem
337 277 450 308 tuam,
474 277 511 300 ut
533 269 620 300 bene
643 268 687 300 sit
709 267 817 300 tibi:“
853 267 954 300 etiam
966 267 1000 312 ³)
1023 267 1098 300 sine
1121 268 1191 301 ulla
1213 268 1314 313 spiri-

170 329 255 362 mali
287 328 568 374 interpretatione
603 329 777 369 sufficere,
811 338 844 362 et
878 341 949 362 esse
974 329 1232 362 observantibus
1253 341 1314 362 ne·-

171 391 377 425 cessarium?
401 391 545 423 maxime
570 387 670 435 (sSl)
697 404 775 423 cum
801 400 835 423 et
859 390 985 423 Paulus
997 392 1032 436 4)
1058 391 1179 424 iisdem
1203 390 1313 423 verbis

170 463 328 498 repetens
370 452 621 485 confirmaverit
658 452 769 496 ipsum
816 452 1024 487 mandatum.
1079 440 1192 496 VQuid
1231 463 1313 501 vern

171 524 311 559 oportet
337 514 450 546 dicere
476 514 517 546 de
544 527 604 556 eo,
637 514 729 558 quod
756 513 884 546 dictum
910 523 979 546 est:
1012 514 1157 557 „Non⁵)
1180 513 1317 546 adulte-

171 576 279 616 rabis,
310 589 379 608 non
403 575 556 615 occides,
580 588 650 607 non
675 576 802 607 furtum
829 574 948 614 facies,
980 587 1049 608 non
1071 574 1196 608 salsum
1220 573 1316 607 testi-

171 637 327 670 monium
359 637 490 676 dices,“
525 645 558 669 et
589 645 698 670 cetera
724 635 945 681 hujusmodi?
978 637 1053 669 Jam
1078 649 1159 669 vero
1183 636 1227 668 de
1250 634 1314 674 his,

170 711 258 743 quae
294 698 330 730 in
361 698 548 740 Evangelio
585 699 742 731 mandata
777 707 871 741 sunt,
911 710 954 730 ne
992 697 1140 731 dubitari
1175 695 1314 741 quidem

170 769 296 804 polest,
321 759 402 804 quin
428 760 614 792 secundum
640 759 771 792 literam
786 759 820 804 5)
839 759 1088 804 quamplurima
1105 757 1316 791 observanda

171 821 257 860 sint,
287 820 375 853 sicut
397 834 474 853 cum
500 820 598 853 dicit:
636 821 731 862 „Ego
746 821 779 865 ⁷)
807 830 918 853 autem
946 821 1023 853 dico
1049 819 1146 852 vobis
1170 832 1238 852 non
1261 817 1315 863 iu-

171 894 246 914 rare
272 881 462 913 omnino:“
490 891 524 914 et
548 895 624 914 cum
650 881 712 914 ait:
740 881 879 925 „Qui⁸)
905 890 1018 914 autem
1041 880 1225 925 inspexerit
1241 893 1315 912 mu-

171 943 292 975 lierem
329 943 371 975 ad
405 942 764 986 concupiscendum9)
801 956 894 985 eam,
934 942 1000 989 jam
1037 942 1234 975 moechatus
1265 949 1315 973 est

172 1017 245 1037 eam
271 1003 373 1048 in¹⁰)
402 1004 505 1036 corde
537 1007 632 1036 suo.“
681 1005 751 1037 Sed
777 1014 809 1037 et
833 1005 923 1049 apud
949 1004 1094 1037 Paulum
1119 1003 1314 1047 apostolum

171 1078 259 1109 quae
291 1065 565 1110 praecipiuntur:
600 1066 850 1107 „Commouete
866 1068 872 1085 ¹
888 1067 918 1110 ¹)
943 1065 1134 1110 inquietos,
1159 1064 1315 1097 consola-

172 1126 255 1159 mini
272 1126 326 1170 ¹²)
352 1127 603 1171 pusilianimes,
628 1128 792 1160 sustinete
817 1127 989 1167 infirmos,
1014 1126 1181 1172 patientes
1206 1134 1314 1158 estote

173 1190 214 1220 ῑιιί
252 1191 409 1227 omnes‚“
455 1198 488 1220 et
523 1188 588 1220 alia
624 1189 953 1233 quamplurima.¹³)
1011 1189 1258 1221 Verumtamen
1287 1187 1315 1219 si

172 1250 246 1294 quis
271 1249 428 1282 attentius
455 1250 557 1291 legat,
591 1263 660 1282 non
686 1250 826 1290 dubito,
858 1251 950 1295 quod
966 1248 1020 1293 ¹⁴)
1044 1249 1080 1282 in
1105 1249 1315 1294 quampluri-

177 1312 240 1344 mis
273 1310 461 1353 dubitabit,
501 1321 614 1345 utrum
646 1311 705 1345 illa
738 1313 792 1345 vel
824 1312 883 1345 illa
913 1311 1054 1345 historia
1077 1320 1216 1356 putetur
1240 1324 1317 1344 vera

269 1441 300 1484 ¹)
330 1439 430 1483 Apol.
456 1438 596 1482 Pamph
622 1439 687 1472 loc.
714 1440 803 1473 laud.
829 1441 862 1473 in
888 1449 997 1473 textu:
1032 1453 1122 1484 „quo
1147 1440 1314 1491 praecipi-

175 1488 269 1523 tur‚“
314 1485 346 1516 in
379 1484 485 1516 notis:
525 1485 629 1523 „Ms.
663 1485 836 1536 plenique:
878 1498 943 1530 quo
972 1487 1157 1530 praecipit.
1205 1485 1314 1517 Editi:

175 1531 264 1573 qzcml
284 1531 472 1573 praecepit.
513 1529 604 1561 Libri
630 1530 671 1561 de
690 1529 888 1573 Principiis:
927 1532 1016 1573 quod
1036 1532 1220 1581 praecipit.
1244 1531 1312 1563 Sed

177 1575 257 1607 Mss.
283 1574 494 1607 sorbonicus
527 1583 560 1605 et
585 1575 715 1607 Montis
740 1575 773 1608 S.
801 1575 978 1608 Michaelis
1003 1575 1036 1606 in
1062 1575 1218 1619 periculo
1244 1588 1315 1608 ma-

175 1621 237 1653 iis:
264 1633 328 1664 quo
350 1621 601 1663 p1·aecipi!ur.“
700 1620 733 1663 ²)
758 1620 867 1652 Exod.
893 1621 974 1662 XX,
1000 1620 1054 1654 12·

267 1676 302 1718 ³)
326 1675 433 1706 Deest
458 1675 562 1719 Apol.
589 1675 732 1718 Pamph.
761 1676 826 1709 loc.
852 1676 942 1708 laud.
969 1675 1125 1717 „etiam.“

268 1731 302 1774 ἰ)
329 1731 398 1764 Cfr.
423 1730 548 1775 Ephes.
574 1732 634 1770 Vl,
659 1731 690 1765 2.
717 1731 747 1766 3.
845 1732 877 1775 ⁵)
903 1732 1013 1765 Exod.
1037 1731 1115 1771 XX,
1141 1731 1194 1765 13.
1218 1744 1314 1776 seqq.

192 1831 198 1837 .
269 1788 304 1829 ὗ)
329 1787 432 1831 Apol.
464 1787 607 1831 Pamph.
647 1786 712 1820 loc.
751 1787 839 1819 laud.
880 1787 1035 1828 „literam
1081 1789 1315 1827 observentur,

174 1836 280 1863 διςυϋ6
309 1841 371 1868 etc,

270 1888 303 1931 7)
329 1887 454 1922 Μειῑὼ.
480 1889 523 1931 V,
547 1887 600 1922 34.
742 1887 776 1930 8)
801 1887 922 1920 Matth.
947 1889 988 1928 V,
1013 1888 1067 1922 28.

267 1943 299 1987 ⁹)
325 1943 389 1976 Ed.
413 1945 545 1988 Redep.
572 1942 934 1987 ‚‚concupiscendam.“

249 1999 301 2042 ¹⁰)
329 1999 430 2043 Apol
455 1999 597 2044 Pamph.
623 2000 688 2031 loc.
715 1999 802 2033 laud
830 2000 884 2041 „in
912 2000 1016 2031 corde
1046 2012 1126 2032 suo:
1165 2008 1198 2031 et
1222 1999 1313 2044 apud

175 2043 340 2076 Pwlum“
367 2053 430 2077 etc.

250 2099 303 2142 ¹¹)
332 2100 432 2143 Apol.
456 2099 600 2144 Pamph.
624 2099 703 2131 loco
729 2098 818 2132 laud.
842 2097 877 2131 in
901 2098 1008 2132 notis:
1049 2098 1127 2141 „Sic
1157 2108 1248 2132 recte
1272 2099 1310 2131 ii

175 2144 228 2176 bxi
254 2145 295 2176 de
319 2144 513 2188 Principiis.
562 2144 692 2177 Omnes
717 2157 796 2176 vcro
822 2143 921 2188 hujus
946 2145 1049 2188 Apol.
1049 2123 1147 2176 ηΜεε.
1174 2154 1207 2176 et
1231 2144 1313 2176 editi

175 2201 372 2232 perperam:
405 2191 629 2230 commonete,
654 2191 787 2233 inquit,
814 2202 885 2231 eos,
911 2190 1155 2222 consolarnini“
1182 2198 1244 2222 etc.
1271 2208 1310 2214 --

177 2236 190 2266 l
216 2234 333 2266 Thess.
358 2234 397 2273 V,
425 2234 476 2267 14'.
537 2245 547 2253 ·
577 2236 630 2275 ¹²)
656 2234 719 2266 Ed.
747 2235 795 2267 M.
819 2236 844 2267 l.
872 2234 1165 2274 „confortamini.“

251 2289 304 2332 ¹³)
331 2289 503 2321 Hactenus
528 2289 631 2333 Apol.
656 2289 798 2333 Pamph.
866 2290 920 2333 Ν)
945 2289 1007 2322 Ed.
1034 2290 1082 2323 M.
1107 2290 1149 2323 ΙΙ.
1177 2289 1312 2333 „quin.“
