1404 2463
199 79 242 113 44
675 78 848 112 OmGENts

198 168 289 211 fia')
323 166 408 212 ejus,
448 179 651 211 corporeum
682 166 813 211 aliquid
837 167 975 205 habeat,
1008 178 1082 198 cum
1107 176 1206 197 omne
1231 163 1323 208 quod

197 241 400 273 corporeum
436 237 501 267 est,
532 229 583 260 vel
619 228 752 268 habitu,
776 229 828 260 vel
854 227 987 266 colore,
1019 227 1072 258 vel
1095 224 1323 268 magnitudine

199 291 397 333 designetur.
412 290 445 333 ²)
492 289 535 322 Et
571 290 643 334 quis
675 302 822 334 unquam
846 288 915 320 sani
939 301 1053 320 sensus
1078 287 1244 326 habitum,
1269 285 1323 317 vel

199 351 367 391 colorem,
399 351 454 383 vel
487 363 661 383 mensurae
693 349 956 392 magnitudinem
990 350 1066 394 (54)
1098 349 1133 381 in
1161 347 1324 392 sapientia

196 412 388 458 requisivit,
421 425 483 456 per
513 411 577 444 hoc
603 412 695 457 quod
719 410 880 456 sapientia
905 410 977 445 est?
1010 409 1244 454 Quomodo-²³)
1267 421 1326 446 au-

196 484 265 507 tem
292 463 382 507 extra
406 473 503 518 hujus
527 474 707 518 sapientiae
737 472 984 516 generationem
1018 472 1119 504 fuisse
1142 470 1325 516 aliquando

195 537 308 569 Deum
333 545 474 580 patrem,
499 535 552 567 vel
569 536 603 579 ⁴)
627 535 668 567 ad
693 544 858 578 punctum
881 533 1044 566 momenti
1070 532 1225 578 alicujus,
1251 530 1325 575 quis

196 607 309 642 potest
332 597 453 630 sentire
479 597 532 629 vel
558 597 712 637 credere,
751 595 807 640 qui
831 605 942 627 tamen
967 596 1062 640 pium
1087 593 1214 639 aliquid
1238 592 1325 636 de⁵)

194 660 272 692 Deo
298 659 484 701 intelligere
508 658 659 698 noverit,
685 658 738 690 vel
761 657 907 690 sentire?
954 658 1021 689 Aut
1051 657 1140 689 enim
1171 668 1239 688 non
1264 667 1326 699 po-

195 720 296 754 tuisse
320 721 432 753 Deum
458 720 547 753 dicet
571 732 728 762 generare
751 719 966 764 sapientiam,
990 728 1166 763 antequam
1189 729 1326 759 genera-

196 925 262 954 σις,
285 914 323 945 id
339 917 399 952 est,
423 911 618 943 substantia
630 913 704 952 ejus
719 920 794 950 etc.,
817 909 875 943 ubi
892 923 1029 943 vocem:
1052 912 1200 942 IIIIYA
1218 905 1326 939 omni-

196 960 258 990 bus
276 955 478 997 incognitam
491 955 574 986 nihil
591 955 681 988 aliud
703 969 772 988 esse
790 955 946 1000 suspicor
964 968 1081 1000 quam:
1104 956 1199 998 ipsa:
1224 964 1324 996 quam

198 1015 315 1034 vocem
347 1000 496 1045 imperiti
534 998 660 1032 libi-arii
695 1014 846 1042 graecam
883 1001 1131 1035 crediderunt.“
1169 998 1240 1031 Csr.
1271 996 1323 1029 ed.

195 1056 299 1082 nostr.
324 1047 425 1079 Tom.
451 1045 574 1078 XXIV.
599 1058 674 1089 pag.
699 1045 774 1080 329.
798 1055 870 1078 not.
895 1046 926 1080 6.

291 1104 322 1147 ¹)
350 1102 419 1134 Cfr.
459 1102 510 1133 ed.
550 1110 653 1134 nostr.
694 1101 793 1133 Tom.
816 1101 941 1136 XXIV.
979 1113 1053 1146 pag.
1077 1099 1154 1136 329.
1196 1107 1265 1132 not.
1291 1097 1324 1131 6.

195 1150 275 1183 coll.
301 1149 353 1180 ed.
379 1147 507 1191 Redep.
530 1160 605 1190 pag.
633 1147 706 1181 107.
733 1156 804 1180 not.
832 1147 861 1181 1.

287 1206 321 1248 ²)
348 1204 410 1235 Ed.
437 1203 484 1235 M.
512 1203 536 1235 l.
564 1202 808 1244 „designatur.“

287 1261 321 1304 ³)
347 1259 383 1292 Si
409 1258 463 1290 cui
488 1259 577 1290 sorte
603 1268 756 1303 suspecta
779 1259 821 1291 sit
844 1258 909 1290 hoc
933 1259 1012 1290 loco
1037 1258 1151 1290 Rufini
1174 1257 1267 1299 fides,
1291 1265 1325 1289 et

194 1315 399 1360 expressiora
422 1323 528 1358 putet,
553 1327 653 1358 quam
676 1323 715 1346 ut
740 1314 895 1356 Origenis
918 1314 994 1354 sint,
1018 1315 1100 1347 haec
1121 1322 1326 1356 argumenta,

196 1373 315 1418 quibus
341 1369 515 1403 aeternitas
545 1369 618 1402 filio
652 1369 719 1402 Dei
749 1370 955 1410 vindicatur,
987 1371 1014 1403 is
1038 1371 1127 1411 legat
1153 1369 1219 1402 alia
1242 1372 1323 1404 1³60—

194 1428 428 1472 δυναμοῦνια
456 1425 612 1466 Origenis
637 1426 753 1465 verba,
786 1438 870 1470 quae
900 1427 1004 1458 refert
1035 1426 1190 1459 Marcell.
1215 1427 1325 1471 Ancy-

193 1498 262 1517 ran.
287 1483 376 1528 apud
402 1482 524 1514 Euseb.
551 1481 607 1514 lib.
635 1482 661 1514 I.
694 1481 822 1515 advers,
854 1483 1008 1529 eundemv
1025 1481 1179 1516 Marcell.
1204 1494 1276 1526 cap.
1293 1481 1323 1514 4.

193 1554 266 1586 pag.
285 1540 338 1574 22.
385 1538 434 1572 Οὐ
460 1537 530 1583 γὰρ
556 1537 573 1572 ὁ
601 1537 682 1576 θεὸς
709 1537 825 1582 πατὴρ
849 1536 939 1573 εἶναι
968 1535 1108 1583 ἤρξατο,
1135 1537 1319 1583 κωλυόμε-

195 1610 272 1640 νος,
311 1594 358 1634 ὠς
382 1596 416 1629 οἱ
440 1592 629 1639 γινόμενοι
655 1598 802 1640 πατέρες
831 1591 1045 1638 ἅνθρωποι,
1081 1594 1152 1630 ὑπὸ
1184 1597 1246 1629 τοῦ
1270 1592 1321 1640 μὴ

194 1652 382 1688 δύνασθαί
402 1664 460 1684 πω
486 1653 634 1693 πατέρες
657 1647 762 1684 εἶναι.
800 1653 846 1684 Εἰ
859 1649 931 1695 γὰρ
947 1651 1002 1686 ἀεὶ
1027 1650 1156 1689 iaaac
1182 1649 1200 1685 ὁ
1225 1648 1321 1693 θεὸς,

194 1713 256 1745 καὶ
285 1706 460 1751 πάρεστιν
491 1705 586 1750 αὐτῷ
621 1705 775 1752 δύναμις
809 1711 872 1742 τοῦ
903 1710 1042 1753 πατέρα
1074 1706 1185 1742 αὐτὸν
1216 1703 1321 1749 εἶναι,

195 1770 256 1800 καὶ
286 1762 399 1798 καλὸν
430 1761 541 1796 αὐτὸν
572 1759 664 1797 εἶναι
694 1766 831 1808 πατέρα
862 1766 924 1797 τοῦ
958 1762 1123 1798 τοιούτου
1155 1765 1254 1805 υἱοῦ,
1287 1766 1324 1796 τί

196 1820 452 1864 ἀναβάλλεται,
495 1821 555 1852 καὶ
580 1818 709 1853 ἑαυτὸν
732 1822 794 1854 τοῦ
820 1822 932 1854 καλοῦ
957 1824 1158 1865 σῖηρίσκει,
1191 1823 1253 1854 καὶ
1276 1818 1324 1858 ὠς

195 1879 292 1913 ἔστιν
316 1878 445 1918 εἰπεῖν,
471 1874 507 1913 ἐξ
534 1867 577 1908 οὗ
601 1874 751 1909 δύναται
775 1875 892 1920 πατὴρ
917 1873 1009 1911 εἶναι
1032 1879 1129 1919 υἱοῦ;
1159 1876 1210 1911 Τό
1235 1875 1322 1910 αὐτὸ

194 1937 317 1981 μέντοι
344 1945 384 1977 γε
410 1933 470 1965 καὶ
495 1933 577 1974 περὶ
603 1934 666 1965 τοῦ
693 1930 801 1977 ἁγίου
827 1931 1032 1977 πνεύματος
1045 1935 1197 1967 λεκτέον.
1234 1932 1321 1964 Vide

194 1992 332 2034 insuper
355 1987 418 2021 alia
444 1985 597 2028 Origenis
621 1987 707 2028 loca,
731 2001 814 2032 quae
846 1989 978 2032 profert
1011 1989 1163 2022 Athanas.
1197 1987 1255 2021 lib.
1280 1988 1322 2020 de

196 2045 338 2079 decretis
368 2043 504 2077 Nicaeu-
537 2042 618 2088 Syn.
652 2056 724 2087 pag.
750 2044 844 2084 233.,
881 2054 914 2076 et
945 2058 1028 2089 quae
1059 2045 1146 2078 insra
1174 2043 1323 2088 reperies

198 2104 254 2135 lib.
272 2102 326 2134 lV.
351 2102 434 2146 περὶ
459 2098 582 2144 ἅρχων
604 2112 694 2131 num.
711 2099 763 2134 28.
788 2101 822 2132 in
845 2100 944 2134 notis.
972 2102 1013 2134 R.

288 2159 321 2201 ³)
349 2157 416 2190 Csr.
442 2155 493 2188 ed.
520 2156 646 2199 Rcdep.
672 2169 744 2200 pag.
771 2157 846 2191 107.
870 2167 940 2189 not.
961 2157 991 2192 8.

291 2218 324 2256 ”)
351 2214 482 2246 Desunt
507 2210 540 2242 in
566 2211 659 2244 libris
683 2221 778 2244 antea
804 2212 900 2245 editis
925 2215 971 2256 (v.
1000 2226 1027 2246 c.
1052 2214 1126 2246 edd.
1152 2213 1238 2257 M),
1265 2212 1322 2245 scd

200 2270 325 2309 exstant
349 2259 383 2292 in
409 2255 564 2290 omnibus
588 2257 667 2290 Mss.
693 2258 812 2291 verba:
839 2258 901 2300 „de
926 2259 1036 2292 Deest
1062 2259 1103 2292 R.
