1404 2463
397 131 442 153 DE
466 121 662 155 Pammpns
686 121 800 153 ann
827 119 880 152 lV.
1147 118 1210 153 431

88 210 207 252 telligi,
231 210 323 242 addit
349 210 480 243 dicens:
507 210 699 255 „Numquid
720 211 749 255 ¹)
769 211 809 242 ‹le
828 210 936 241 bobus
955 222 1030 241 cura
1049 218 1097 241 est
1116 210 1216 243 Deo?

91 275 142 304 An
168 282 310 316 propter
333 285 394 304 nos
417 273 533 316 utique
559 272 664 306 dicit?
687 273 831 316 Propter
854 284 915 304 nos
939 271 1026 303 enim
1055 270 1214 315 scriptum

89 342 148 372 est,
174 334 250 377 quia
275 334 386 373 debet,
411 334 468 378 qui
493 343 572 374 arat,
596 333 630 366 in
652 347 710 378 spe
735 347 837 373 arare,
870 342 902 365 et
927 332 984 377 qui
1008 333 1153 371 triturat,>
1183 333 1216 364 in

88 407 146 438 spe
179 395 423 439 percipiendi.“
472 397 540 429 Sed
571 405 605 428 et
639 395 704 427 alia
735 394 928 440 hujusmodi
960 394 1216 438 quamplurima,

91 468 174 499 quae
207 456 271 488 hoc
297 458 402 489 modo
428 468 504 490 sunt
528 458 744 502 interpretata
771 458 812 489 de
839 457 929 499 lege,
961 455 1216 488 instructionem

90 518 374 562 quamplurimam
400 519 614 552 audientibus
639 520 825 552 conserunt.

180 579 231 614 13.
280 580 518 625 spiritualis2)
545 591 654 613 autem
681 580 870 624 explanatio
896 588 945 611 est
969 579 1061 618 talis,
1092 578 1119 611 si
1144 579 1217 623 quis

91 650 203 685 potest
229 643 416 682 ostendere,
443 655 585 686 quorum
612 641 809 674 coelestium
835 640 1079 684 exemplaribus
1097 650 1130 673 et
1145 654 1219 672 um-

90 705 170 736 brae
197 705 389 736 deserviunt
412 704 457 745 hi,
484 705 540 748 qui
564 704 747 735 secundum
773 715 904 734 carnem
929 703 1051 734 Judaei
1074 711 1162 745 sunt,
1187 711 1220 734 et

94 778 238 809 quorum
270 766 460 797 futurorum
495 766 647 797 umbram
681 765 732 796 lex
763 764 880 803 habet,
917 764 994 808 et3)
1018 763 1045 796 si
1070 777 1133 808 qua
1160 765 1220 796 hu-

93 825 241 872 jusmodi
266 827 298 859 in
324 828 506 872 Scripturis
530 827 649 859 sanctis
673 825 905 867 inveniuntur3
929 825 982 857 vel
1008 838 1083 857 cum
1108 825 1220 870 requi-

93 889 195 928 ritur,
236 902 319 932 quae
352 889 393 921 sit
430 889 488 921 illa
523 888 686 932 sapientia
717 887 795 931 in⁴)
827 887 986 933 mysterio
1016 887 1222 926 abscondita,

95 963 194 994 quam
232 950 511 994 „praedestinavit
535 951 628 982 Deus
659 959 734 981 ante
767 949 897 981 saecula
929 948 962 980 in
995 948 1135 990 gloriam
1159 961 1221 980 no·-

93 1021 211 1053 ειν-πη,
252 1025 349 1057 quarn
382 1025 483 1044 nemo
514 1012 706 1056 principum
739 1010 834 1056 liujus
868 1010 991 1043 saeculi
1017 1010 1219 1051 ςοξζῐιονὶῑειι

93 1074 148 1106 vel
172 1074 315 1116 ill⁰d7⁵)
342 1075 434 1118 quod
460 1073 542 1106 dicit
567 1073 637 1116 ipse
662 1073 845 1116 apostolus,
871 1086 944 1105 cum
972 1072 1131 1116 exemplis
1148 1072 1221 1116 qui—

94 1137 234 1168 busdam
270 1136 377 1168 utitur
410 1137 450 1167 de
482 1135 620 1174 Exodo,
653 1135 704 1166 vel
730 1133 902 1171 Numeris,
937 1143 970 1166 et
1000 1135 1063 1173 ait,
1095 1134 1219 1178 quiafi)

100 1198 202 1239 „haec
226 1198 259 1230 in
285 1199 388 1239 figura
414 1198 651 1238 contingebant
675 1196 753 1235 illis,
777 1195 899 1239 scripta
922 1205 997 1227 sunt
1014 1204 1124 1227 autem
1141 1208 1222 1239 pro-

96 1269 171 1304 pter
193 1273 274 1300 nos,
306 1260 339 1292 in
366 1273 449 1304 quos
474 1259 556 1290 fines
580 1258 791 1290 saeculorum
817 1258 1070 1289 devene1·unt:“
1108 1266 1140 1288 et
1165 1270 1221 1288 oc-

96 1322 263 1354 casionem
289 1322 385 1353 nobis
409 1329 554 1365 praestat
578 1319 833 1360 intelligentiae,
858 1327 896 1349 ut
919 1318 1083 1362 possimus
1108 1319 1220 1350 adver-

96 1394 178 1423 tere,
204 1397 348 1428 quorum
372 1383 495 1424 figurae
523 1390 613 1413 erant
631 1380 702 1419 ista,
729 1393 811 1424 quae
832 1379 898 1411 illis
915 1380 1120 1419 accidebant,
1146 1393 1221 1411 cum

97 1446 241 1489 dicit27)
285 1445 472 1485 „Bibebant
504 1443 545 1475 de
577 1441 743 1486 spirituali
776 1450 999 1485 consequente
1029 1454 1088 1473 eos
1118 1451 1223 1486 petra,

99 1517 194 1552 petra
226 1517 336 1539 autem
372 1515 441 1538 erat
475 1505 657 1538 Christus.“
706 1504 773 1536 Sed
807 1512 839 1535 et
870 1503 912 1534 de
943 1503 1158 1535 tabernaculo
1190 1503 1222 1534 in

99 1569 163 1602 alia
198 1569 341 1613 epistola
379 1567 532 1600 meminit
568 1566 660 1598 illius
691 1565 791 1604 dicti,
832 1564 923 1608 quod
948 1564 1085 1608 Mosiss)
1116 1565 1225 1597 fuerat

101 1640 336 1675 praeceptum:
363 1630 512 1671 „FacieQ
536 1628 655 1672 inquit,
679 1626 862 1659 secundum
884 1626 1040 1666 sormam,
1063 1639 1147 1671 quae
1164 1626 1226 1658 tibi

101 1702 149 1725 est
173 1692 206 1724 in
232 1701 346 1724 monte
372 1701 512 1724 ostensa.
562 1690 612 1722 Ad
639 1689 774 1723 Galatas
793 1701 873 1721 vero
899 1687 1064 1729 scribens,
1097 1698 1129 1720 et
1153 1701 1225 1720 ver-

198 1855 228 1897 ¹)
255 1854 324 1886 Cfr.
352 1854 362 1884 l
391 1853 469 1885 Cor.
498 1852 553 1891 lX,
578 1851 608 1885 9.
636 1850 686 1884 10.

192 1911 227 1954 ²)
255 1910 323 1943 Csr.
350 1909 401 1941 ed.
426 1909 556 1952 Redep.
581 1919 654 1951 pag.
680 1905 756 1940 343.
782 1914 852 1938 not.
877 1905 931 1940 29.

191 1967 224 2010 3)
249 1965 335 1997 Edd.
361 1965 409 1996 M.
438 1973 492 2004 „et
517 1976 600 2008 quae
625 1960 841 2007 liujusmodi“
867 1970 928 1994 etc.

194 2022 228 2065 ⁴)
253 2021 359 2053 Deest
385 2019 461 2061 „in“
488 2019 521 2051 in
547 2019 598 2051 ed.
624 2018 672 2051 M.
701 2019 723 2053 Ι.
747 2038 787 2043 -—
816 2017 885 2049 Csr.
912 2017 923 2049 l
951 2016 1029 2049 Cor.
1055 2016 1099 2055 Π,
1124 2016 1154 2049 7.

194 2077 226 2122 ⁵)
252 2076 314 2109 Ed.
341 2076 387 2108 M.
415 2077 439 2108 I.
468 2075 574 2116 „illud
599 2073 733 2118 quidem
759 2072 861 2105 dicit“
889 2081 951 2104 etc.

195 2133 230 2175 6)
256 2133 318 2164 Ed.
344 2132 392 2164 M.
416 2131 456 2164 ll.
483 2131 629 2175 „qu0d.“
655 2149 697 2154 —
723 2129 792 2162 Cfr.
820 2129 830 2160 l
857 2129 935 2162 Cor.
959 2128 1002 2168 X,
1029 2128 1080 2162 11.

195 2191 226 2233 ⁷)
253 2189 340 2221 Edd.
366 2188 416 2230 M..
445 2187 580 2228 „dixit.“
608 2207 648 2212 -—
675 2187 689 2218 I
716 2186 794 2218 Cor.
821 2186 865 2224 X,
890 2184 919 2218 4.

195 2247 228 2290 ⁸)
253 2245 341 2277 Edd.
368 2244 416 2277 Μ.
444 2241 642 2288 „Moyseo.“
663 2262 702 2267 —
729 2242 797 2275 Cfr.
815 2241 922 2273 Exod.
940 2240 1048 2279 XXV,
1072 2239 1125 2273 40.
1151 2238 1229 2271 coll.

105 2302 206 2334 Hebr.
232 2301 323 2338 Vlll,
347 2300 374 2333 5.
