1404 2463
390 113 436 136 m:
462 103 655 136 ancn’ns
678 103 789 135 Lmen
816 103 856 135 ΙΙ.
1127 104 1191 138 159

68 202 139 225 tent
168 205 230 226 nos
260 193 417 235 imagines
451 193 625 237 quasdam,
662 205 742 236 quas
766 191 931 235 Graeci')
955 193 1054 231 ἰδέας
1084 193 1193 225 nomi-

66 263 162 293 nant,
201 255 384 288 affirmare:
425 254 559 299 quod2)
590 252 707 298 utique
746 266 763 286 a
800 252 921 285 nostris
951 253 1096 286 alienum
1131 265 1190 293 est,

65 316 228 348 mundum
259 316 498 360 incorporeum
531 314 659 353 dicere,
697 314 731 346 in
762 315 832 347 sola
864 315 984 347 mentis
1018 304 1188 359 phantasia

65 378 117 410 vel
149 377 389 420 cogitationum
415 376 545 408 lubrico
572 374 825 408 consistentem:
862 385 895 407 ct
918 377 1092 420 quomodo
1117 378 1190 410 Sal-

65 449 214 472 vatorem
240 439 317 471 inde
343 451 428 478 esse,
453 439 505 470 vel
531 447 662 470 sanctos
688 450 820 481 quoque
834 437 865 480 3)
891 438 971 469 illuc
995 437 1103 469 ituros
1126 451 1189 481 po-

65 510 176 534 terunt
196 501 371 539 affirmare,
395 513 461 532 non
488 499 596 531 video.
643 499 880 530 Verumtamen
906 499 1106 543 praeclarius
1130 499 1190 531 ali-

65 564 146 607 quid
171 572 203 594 et
225 560 452 605 splendidius,
477 573 574 605 quam
598 559 676 598 iste.
702 559 757 604 qui
783 573 937 604 praesens
962 569 1010 592 est
1033 561 1190 599 mundus,

63 623 203 656 indicari
237 636 255 655 a
279 622 453 655 Salvatore
470 635 550 660 ,nou
582 621 721 654 dubium
749 631 816 661 est,
856 634 922 666 quo
936 622 968 666 ⁴)
994 623 1094 654 etiam
1119 636 1189 654 cre-

67 687 182 717 dentes
211 684 244 716 in
276 697 310 716 se
340 685 478 716 tendere
511 693 675 728 provocat
705 692 737 715 et
768 684 929 716 hortatur.
977 684 1044 716 Sed
1075 693 1187 716 utrum

64 747 207 778 mundus
231 745 309 784 iste,
334 758 432 789 quem
457 745 571 777 sentiri
596 745 686 784 vult,
711 754 880 789 separatus
904 747 944 777 ab
969 745 1033 777 hoc
1057 745 1098 777 sit
1115 745 1188 777 lon-

62 820 167 852 geque
193 806 334 846 divisus,
360 806 412 838 vel
438 807 533 846 loco,
558 807 611 839 vel
636 806 812 851 qualitate,
836 806 888 838 vel
912 806 1036 847 gloria;
1059 818 1099 838 an
1116 806 1188 847 glo-

62 870 110 902 ria
142 868 324 913 quidem⁵)
357 878 389 900 et
420 868 578 912 qualitate
604 868 802 913 praecellat,
840 869 924 900 intra
955 876 1066 899 tamen
1092 866 1187 912 hujus

63 931 179 963 mundi
211 929 555 974 circumscriptionem
588 930 800 968 cohibeatur,
838 929 929 973 quod
954 938 986 961 et
1009 928 1093 961 mihi
1118 942 1187 960 ma-

61 993 153 1036 gis⁶)
184 991 364 1024 verisimile
395 992 543 1031 videtur,
578 992 742 1023 incertum
774 999 884 1022 tamen
917 1000 984 1030 est,
1020 992 1117 1033 et,⁷)
1149 999 1187 1022 ut

63 1066 124 1095 ego
155 1053 316 1092 arbitror,
350 1053 500 1085 humanis
533 1054 640 1085 adhuc
671 1052 928 1094 cogitationibus
963 1061 995 1084 et
1018 1051 1186 1084 mentibus

60 1115 264 1148 inusitatum.
311 1114 360 1146 Ex
393 1114 442 1146 his
466 1123 592 1153 tamen,
626 1127 709 1159 quac
735 1113 891 1146 Clemens
915 1113 1003 1145 visus
1029 1121 1077 1144 est
1100 1112 1188 1145 indi-

62 1190 156 1216 care,
180 1189 255 1208 curn
281 1176 376 1208 dicit:
412 1176 586 1216 „Oceanus
611 1175 888 1218 intransmeabilis
913 1184 961 1207 est
985 1174 1188 1213 horninibus,

63 1248 95 1270 et
118 1238 151 1270 Ιιί
175 1239 308 1277 mundi,
334 1238 389 1282 qui
414 1248 491 1281 post
516 1237 625 1281 ipsum
650 1242 770 1270 sunt:“
798 1237 853 1281 qui
880 1246 956 1281 post
980 1237 1088 1280 ipsum
1112 1245 1188 1268 sunt

62 1301 206 1332 mundos
229 1299 404 1344 pluraliter
427 1298 618 1338 nominans,
654 1312 738 1343 quos
776 1308 808 1330 ct
833 1300 948 1331 eadem
975 1298 1040 1330 Dei
1064 1296 1187 1330 summi

59 1360 272 1404 providentia
295 1360 345 1401 agi
370 1359 505 1404 regique
528 1359 707 1401 significat,
742 1359 867 1392 semina
900 1361 1064 1405 quaedam
1088 1359 1185 1391 nobis

61 1421 250 1463 huiusmodi
283 1421 521 1463 intelligentiae
553 1422 683 1453 videtur
707 1422 920 1465 adspergere,
956 1435 1023 1466 quo
1049 1430 1186 1465 putetur

62 1483 170 1516 omnis
194 1483 330 1527 quidem
356 1484 550 1516 universitas
575 1496 710 1522 eorum,
742 1496 825 1527 quae
858 1493 932 1515 sunt
956 1493 1054 1528 atque
1081 1482 1186 1515 subsi-

59 1554 166 1583 stunt,
198 1545 394 1577 coelestium
429 1555 462 1577 et
492 1544 809 1589 supercoelestium,
844 1554 1054 1577 terrenorum
1085 1545 1186 1576 infer-

60 1620 271 1650 norumque,
309 1619 392 1638 unus
429 1615 461 1638 et
497 1607 664 1651 perfectus
698 1607 841 1638 mundus
881 1606 1077 1647 generaliter
1108 1604 1185 1643 dici,

64 1667 149 1701 intra
182 1681 299 1712 quem,
332 1668 384 1699 vel
416 1681 434 1700 a
465 1680 531 1712 quo
558 1667 679 1706 ceteri,
712 1667 737 1699 si
764 1667 821 1711 qui
846 1668 896 1699 illi
920 1675 1012 1704 sunt,
1048 1666 1186 1710 putandi

62 1738 136 1761 sunt
163 1729 335 1761 contineri.
381 1729 527 1774 Undess)
554 1729 662 1761 voluit
687 1729 822 1774 quidem
847 1729 984 1771 globum
1010 1728 1106 1760 lunae
1133 1728 1184 1759 vel

160 1890 191 1930 ¹)
216 1889 300 1922 Edd.
327 1891 374 1922 M.
402 1890 541 1923 »Graeci
565 1891 740 1922 nominant
762 1890 861 1929 ideas,
886 1892 1081 1923 affirmare«

156 1946 190 1989 ²)
217 1946 285 1978 Cfr.
311 1947 360 1978 ed.
387 1947 516 1990 Redep.
540 1960 612 1991 pag.
640 1947 713 1981 175.
737 1956 807 1980 not.
834 1947 885 1981 15.

160 2003 193 2046 3)
218 2002 280 2034 Ed.
307 2003 354 2035 M.
380 2003 408 2035 l.
435 2015 637 2047 „quosque.«

154 2060 186 2101 4)
213 2059 300 2091 Edd.
326 2059 372 2090 M.
400 2058 453 2099 „in
478 2063 575 2102 quo.“

159 2117 191 2157 ⁵)
217 2115 301 2147 Edd.
328 2115 374 2146 M.
403 2115 569 2158 nquidem,
595 2114 670 2158 quia
696 2114 873 2159 qualitate«
902 2125 963 2148 etc.
993 2116 1028 2147 R.

156 2171 190 2215 ⁶)
217 2171 300 2203 Edd.
327 2169 376 2203 Μ.
404 2170 525 2211 „magis
549 2170 658 2203 simile
684 2171 844 2203 videtur.“

157 2227 190 2270 7)
217 2228 320 2259 Deest
347 2222 477 2267 „ctu-in
505 2227 579 2259 edd.
610 2227 652 2258 M.

157 2284 190 2326 Β)
217 2282 286 2316 Cfr.
317 2284 365 2314 ed.
394 2283 518 2326 Rode„
546 2296 615 2326 pag.
644 2282 715 2317 176,
740 2292 808 2316 not.
834 2283 886 2316 ¹20.
