1404 2463
185 96 229 132 88
664 96 839 129 Omenms

178 186 284 229 Igitur
311 186 338 219 si
362 186 405 219 sit
428 186 560 231 aliquis,
585 185 643 230 qui
666 184 787 230 peritia
811 183 864 216 vel
886 191 968 222 arte,
992 183 1085 215 verbi
1098 183 1212 226 gratia,
1235 195 1317 226 geo-

182 248 333 289 metriae,
356 249 409 281 vel
433 247 618 280 medicinae
641 244 803 292 paulatim
828 243 930 276 suerit
955 243 1115 285 imbutus,
1138 257 1314 290 usquequo

184 310 313 343 venerit
337 311 378 343 ad
402 311 601 355 perfectum,
625 309 734 341 multo
761 306 892 340 scilicet
919 315 1073 351 tempore
1097 306 1317 339 institutioni-

184 373 246 406 bus
270 381 370 417 atque
396 370 561 404 exercitiis
584 379 690 402 semet
721 369 832 414 ipsum
856 367 1060 408 informans,
1090 377 1129 401 ut
1160 368 1202 401 ad
1233 367 1319 401 inte-

185 447 279 476 grum
303 446 403 479 supra
427 432 537 466 dictae
562 432 638 464 artis
663 439 848 464 assumeret
871 429 1099 474 disciplinam:
1130 429 1208 462 huic
1231 424 1318 462 nun-

188 508 287 540 quam
311 496 467 540 profecto
493 493 644 527 accidere
668 493 813 537 poterit,
842 501 880 524 ut
911 505 986 524 cum
1018 491 1146 537 peritus
1171 490 1318 525 dormie-

185 556 246 598 rit,
279 556 414 599 evigilet
437 555 622 600 imperitus.
667 555 745 587 Non
763 554 793 598 l)
820 553 908 586 enim
934 567 982 594 ea,
1007 566 1091 598 quae
1113 566 1176 598 per
1199 552 1320 586 laesio-

186 631 263 651 nem
287 618 442 663 aliquam,
465 617 519 649 vel
545 615 755 648 debilitatem
780 614 957 656 accidunt,
981 615 1013 648 in
1040 615 1190 648 medium
1214 614 1320 647 addu-

189 693 263 712 cere
287 689 345 713 aut
367 691 631 712 commemorare
655 691 743 710 nunc
756 679 789 722 ²)
815 677 989 710 convenit:
1023 690 1134 722 neque
1160 676 1250 709 enim
1277 676 1320 709 si·

188 741 370 774 militudini
394 740 589 786 propositae
615 739 838 784 exemploque
864 738 1078 774 conveniunt.
1124 738 1319 772 Secundum

190 815 268 845 ergo
293 803 339 843 id,
363 803 455 848 quod
479 801 737 847 proposuimuS‚
761 810 947 843 geometres
971 801 1050 841 ille,
1081 800 1134 832 vel
1158 799 1322 842 medicus⁷

191 865 298 897 donec
323 873 453 896 exercet
465 863 499 908 3)
525 877 558 896 se
583 863 616 896 in
640 862 914 895 meditationibus
938 861 1018 895 artis
1043 874 1134 903 suae,
1159 870 1193 894 et
1216 860 1321 893 ratio-

190 926 355 958 nabilibus
378 925 548 966 institutis,
573 934 746 970 permanet
771 926 860 969 apud
885 924 962 969 (65)
988 938 1063 957 eum
1089 922 1191 956 etiam
1215 922 1321 955 scien-

190 986 236 1019 tia
260 986 465 1031 disciplinae.
512 987 548 1021 Si
573 1000 652 1020 vero
679 986 866 1020 dissimulet
890 987 931 1018 ab
956 985 1137 1025 exercitiis,
1164 993 1197 1017 et
1219 983 1324 1026 negli-

192 1058 244 1090 gat
267 1050 308 1081 ab
333 1048 511 1088 industria,
543 1049 703 1093 paulatim
735 1048 846 1093 primo
871 1061 933 1092 per
955 1046 1190 1089 negligentiam
1212 1058 1318 1090 pauca

193 1108 368 1151 excidunt,
406 1119 477 1142 tum
509 1110 629 1143 deinde
661 1110 765 1144 etium
798 1110 912 1155 plura,
953 1119 986 1142 et
1016 1109 1061 1142 ita
1092 1122 1154 1153 per
1176 1107 1324 1140 multum

195 1181 326 1216 tempus
337 1172 370 1216 4)
396 1173 520 1206 abeunt
544 1172 655 1205 omnia
676 1173 709 1205 in
736 1171 957 1210 oblivionem,
984 1180 1082 1216 atque
1106 1169 1258 1203 universa
1284 1181 1322 1201 ex

194 1233 358 1267 memoria
379 1234 513 1278 penitus
547 1234 734 1267 abolentur.
781 1233 899 1265 Potest
929 1245 1006 1265 sane
1044 1231 1136 1272 fieri,
1174 1240 1211 1264 ut
1247 1243 1322 1263 cum

198 1295 354 1328 decidere
378 1296 418 1327 ab
441 1295 538 1327 initio
571 1295 785 1339 coeperit,⁵)
816 1303 849 1326 et
879 1307 981 1339 parva
1010 1294 1119 1326 adhuc
1152 1291 1324 1336 corrumpi

197 1356 412 1399 negligentia,
447 1356 475 1389 si
499 1356 729 1397 resuscitetur,
763 1365 795 1388 et
828 1355 925 1388 citius
950 1355 983 1387 in
1008 1363 1115 1388 semet
1138 1355 1248 1398 ipsum
1272 1365 1325 1385 re-

199 1427 357 1459 vertatur,
380 1427 512 1463 reparet
523 1417 557 1463 6)
582 1430 637 1457 ea,
669 1430 753 1462 quae
779 1418 886 1450 adhuc
909 1429 1017 1460 nuper
1039 1415 1155 1448 amissa
1179 1424 1266 1454 sunt,
1292 1423 1325 1446 et

200 1480 327 1514 recolat
339 1480 372 1524 ⁷)
396 1493 451 1521 ea,
487 1492 572 1524 quae
602 1480 642 1511 ab
674 1491 714 1511 eo
746 1479 878 1511 fuerant
908 1478 1001 1511 tenui
1034 1476 1186 1520 adhucss)
1217 1475 1324 1508 aboli-

201 1541 294 1574 tione
317 1542 456 1574 sublata.
504 1541 755 1574 Transferamus
779 1554 866 1573 nunc
892 1541 973 1573 haec
985 1539 1018 1584 ⁹)
1043 1540 1085 1572 ad
1110 1552 1186 1579 eos,
1210 1537 1266 1583 qui
1290 1551 1325 1571 se

202 1602 269 1636 Dei
292 1603 447 1636 scientiae
481 1615 518 1636 ac
548 1602 728 1648 sapientiae
759 1601 1037 1646 dediderunt,¹⁰)
1063 1601 1155 1646 cujus
1180 1599 1326 1633 eruditio

298 1744 330 1788 ¹)
354 1743 440 1776 Edd.
465 1742 513 1775 M.
540 1742 631 1783 „Nec
655 1741 764 1774 enim“
791 1750 853 1775 etc.

295 1799 329 1844 ²)
353 1799 442 1831 Edd.
469 1798 516 1830 M.
545 1800 658 1838 ,‚nos.“
751 1797 785 1841 ³)
808 1797 870 1829 Ed.
895 1797 942 1830 M.
970 1797 993 1829 l.
1020 1797 1243 1837 „texerem-etl*

298 1855 331 1900 4)
356 1856 460 1888 Deest
484 1854 517 1886 in
542 1853 634 1886 libris
658 1853 753 1886 editis
778 1853 824 1898 (ν.
851 1866 877 1886 c.
902 1853 979 1886 edd.
1003 1853 1081 1898 M.)‚
1104 1852 1163 1884 sed
1187 1851 1326 1884 habetur

207 1901 242 1934 in
266 1900 345 1942 Mss,
370 1902 554 1944 „tempuS.“
580 1900 620 1932 R.

301 1956 334 2000 ⁵)
359 1955 415 1989 sic
438 1956 518 1988 Mss.
545 1954 633 1987 Alias
658 1955 703 1999 (v.
729 1966 755 1986 e.
780 1953 813 1986 in
840 1954 913 1986 edd.
939 1953 1004 1998 M.)
1030 1952 1194 1997 „coepit.“
1224 1952 1264 1985 R.

299 2013 334 2056 6)
360 2012 409 2043 lta
432 2012 512 2044 Mss.
539 2010 648 2043 Alias:
681 2013 860 2053 „repetat.“
893 2010 932 2042 R.
963 2028 1004 2036 —
1036 2009 1097 2042 Ed.
1130 2008 1175 2042 M.
1203 2008 1228 2040 Ι.
1255 2019 1327 2047 „re-

210 2057 329 2102 perit‚“
355 2057 406 2089 cd.
430 2056 480 2093 M,
506 2055 547 2089 ll.
573 2055 769 2100 „reperiat.“

304 2113 336 2157 ⁷)
359 2113 421 2146 Ed.
446 2113 494 2145 M.
519 2112 544 2144 I.
572 2111 742 2152 „recolit.“

304 2171 338 2213 ⁸)
362 2169 465 2201 Deest
491 2167 637 2208 ‚,adhuc“
664 2168 697 2200 in
723 2168 795 2200 edd.
822 2168 868 2201 M.

306 2225 339 2269 ⁹)
362 2224 448 2257 Edd.
473 2224 522 2257 M.
549 2224 663 2265 „hoc.“

270 2281 341 2325 ⁴⁷⁰)
365 2280 420 2315 Sic
445 2280 522 2314 Mss.
549 2280 638 2313 Alias
663 2279 707 2323 (v.
735 2293 761 2312 c.
788 2280 819 2312 in
845 2279 920 2312 edd.
949 2278 1013 2323 Μ.)
1040 2278 1241 2318 „dederunt,
1274 2288 1329 2306 ‹tu-
