1404 2463
159 73 224 109 308
638 73 815 105 Omesssis

164 177 225 208 per
254 177 271 196 a
305 163 443 196 diabolo
476 162 603 194 mox-eri
637 171 764 195 certum
798 171 862 200 est,
894 162 937 193 ita
969 171 1006 194 ut
1031 163 1216 206 putandum
1241 161 1293 201 sit,

165 225 289 271 quia')
322 226 348 257 si
381 224 534 257 diabolus
569 237 637 256 non
669 233 771 264 esset,
816 223 1048 269 hujuscemodi
1080 223 1293 256 admixtionis

165 287 367 321 desiderium
401 300 543 330 corpora
568 299 636 318 non
662 287 831 318 haberent.
879 286 967 318 Tum
993 285 1116 318 deinde
1141 285 1293 318 conside—

164 364 274 383 remus
308 350 356 388 si,
387 359 424 380 ut
454 347 606 392 superius
637 349 861 386 ostendimus,
895 347 987 380 cibus
1012 347 1202 379 hominibus
1226 359 1293 379 non

165 427 203 446 ex
228 412 377 450 diabolo,
402 410 460 442 sed
477 409 618 442 naturali
637 411 784 454 quodam
801 409 973 453 appetitur
988 408 1159 451 instinctu,
1181 418 1294 441 utrum

164 483 278 519 posset
301 472 386 512 fieri,
410 481 448 504 ut
471 471 495 503 si
522 471 677 503 diabolus
703 485 771 504 non
800 482 902 510 esset,
927 471 1068 503 humana
1093 469 1294 515 experientia

168 545 257 569 tanta
281 535 313 567 in
338 533 560 579 percipiendo
587 533 663 565 cibo
690 533 865 578 disciplina
888 543 1049 573 uteretur,
1072 542 1110 565 ut
1127 545 1296 576 nunquam

167 598 300 643 penitus
325 596 500 629 excederet
522 596 682 635 modum,
706 595 740 628 id
766 606 831 635 est,
863 605 902 628 ut
926 595 979 627 vel
1002 594 1100 627 aliter
1123 607 1221 639 quam
1245 607 1297 626 res

168 669 332 705 posceret,
358 658 410 690 vel
435 658 578 702 amplius
603 670 701 701 quam
727 658 812 690 ratio
836 658 1038 699 indulgeret,
1060 656 1239 701 acciperet,
1265 665 1298 689 et

168 734 335 766 nunquam
362 723 509 752 eveniret
533 719 724 752 hominibus
749 719 783 752 in
807 720 969 752 servando
997 719 1061 751 cibi
1081 711 1186 752 mod-o
1204 731 1299 751 men·

167 796 309 828 suraque
342 781 549 825 delinquere.
603 781 673 822 Ego
711 782 849 826 quidem
882 794 951 813 non
984 781 1130 813 :si-bitror
1161 781 1225 813 hoc
1256 781 1298 813 ab

169 844 361 877 hominibus
392 843 481 886 ita2)
514 842 662 887 potuisse
701 843 842 882 servari,
880 843 1009 875 etiamsi
1045 843 1137 875 nulla
1171 842 1296 875 diaboli

170 914 385 952 provocasset
414 904 606 944 instinctio,
643 914 679 936 ut
694 905 726 947 ³)
752 904 785 936 in
809 904 1030 948 percipiendo
1055 904 1131 936 cibo
1157 905 1297 936 modum

171 968 449 1012 disciplinamque
488 967 599 999 nullus
632 967 824 1005 excederet,
858 967 1050 1011 priusquam
1064 965 1097 1009 4)
1129 966 1163 998 id
1195 966 1296 1008 longo

172 1044 233 1063 usu
257 1029 528 1074 experientiaque
555 1027 761 1061 didicissent.
810 1028 904 1071 Quid
928 1028 1028 1070 igitur
1052 1028 1124 1061 est?
1153 1028 1191 1060 In
1217 1027 1298 1060 escis

171 1093 308 1137 quidem
341 1100 372 1123 et
407 1101 493 1135 potu
531 1090 692 1135 possibile
729 1100 799 1122 erat
831 1090 1027 1134 delinquere
1057 1091 1166 1134 nos⁵)
1199 1090 1299 1123 etiam

172 1153 240 1186 sinc
264 1152 393 1185 diaboli
418 1152 662 1191 incitamentis,
687 1152 713 1185 si
737 1153 826 1185 forte
850 1152 960 1185 minus
985 1153 1213 1192 continentes,
1246 1153 1298 1184 vel

171 1215 281 1248 minus
316 1214 471 1247 industrii
515 1215 692 1247 fuissemus
731 1214 875 1247 inventi:
914 1214 948 1246 in
986 1215 1179 1259 appetendo
1221 1227 1299 1247 vero

174 1277 275 1317 coitu,
300 1277 352 1308 vel
376 1276 582 1309 naturalibus
607 1276 781 1309 desideriis
804 1276 1088 1320 temperandis‚⁶)
1112 1277 1297 1321 putandum

175 1349 223 1372 est
247 1340 338 1383 quod
362 1351 430 1370 non
455 1338 564 1370 simile
595 1339 724 1382 aliquid
750 1337 962 1382 pateremur?
999 1338 1154 1371 Arbitror
1177 1347 1300 1377 autem,

176 1401 267 1446 quod
300 1401 415 1433 eadem
448 1400 585 1432 rationis
611 1400 849 1444 consequentia
875 1402 976 1432 etiam
1000 1400 1034 1432 in
1059 1401 1178 1432 ceteris
1202 1410 1296 1433 natu-

174 1463 296 1496 talibus
328 1462 476 1495 motibus
507 1462 613 1506 possit
637 1463 779 1504 intelligi
804 1461 1013 1506 cupiditatis,
1051 1462 1103 1494 vel
1128 1461 1212 1501 irae,
1247 1462 1299 1494 vel

174 1525 344 1563 tristitiae,
376 1524 427 1556 vel
452 1524 485 1556 in
511 1525 664 1556 omnibus
690 1524 848 1563 omnino,
884 1537 968 1568 quae
991 1536 1054 1568 per
1076 1524 1303 1568 intemperan-

175 1587 240 1619 tiae
270 1586 406 1626 vitium,
442 1587 582 1618 modum
615 1599 787 1618 mensurae
816 1585 976 1618 naturalis
999 1585 1174 1618 excedunt.
1220 1586 1300 1618 Evi-

176 1649 256 1681 dens
286 1648 387 1690 igitur
415 1648 500 1680 ratio
528 1657 592 1687 est,
631 1646 754 1692 quia7)
779 1647 866 1680 sicut
888 1647 922 1680 in
948 1646 1091 1691 boniss)
1115 1647 1214 1680 rebus
1239 1647 1300 1679 bu-

271 1752 300 1794 ¹)
325 1750 388 1782 Ed.
415 1750 462 1783 M.
488 1750 531 1782 11.
558 1750 704 1794 ‚,qu0d.“
793 1748 829 1792 ²>
853 1747 959 1781 Deest
984 1748 1072 1790 „stau
1097 1749 1132 1781 in
1156 1749 1232 1782 edd.
1253 1749 1299 1782 M.

264 1807 296 1849 3)
323 1806 380 1839 Sic
412 1806 492 1840 Mss.
523 1805 613 1838 Alias
647 1806 693 1849 (v.
728 1818 754 1837 e.
787 1804 820 1837 in
855 1805 910 1837 ed.
933 1805 981 1837 M.
1013 1805 1069 1848 ΙῘ.)
1102 1813 1161 1845 „ut
1191 1804 1299 1849 perci-

175 1851 288 1897 piendi
315 1851 380 1883 cibi
403 1852 565 1883 modurn“
591 1860 653 1883 etc.
681 1850 718 1883 R.
746 1870 784 1874 —
810 1850 871 1882 Ed.
898 1851 946 1882 Μ.
974 1850 996 1882 Ι.
1021 1863 1215 1894 perperam:
1241 1859 1298 1891 „ut

175 1897 393 1942 percipiendo
421 1896 485 1929 cibi
511 1897 671 1929 modunff‘
699 1905 759 1928 etc

267 1953 300 1997 ⁴²)
324 1953 388 1986 Ed.
414 1953 460 1985 M.
488 1953 511 1984 l
540 1952 673 1996 „potius
700 1964 796 1995 quarn
822 1951 877 1983 id“
904 1961 967 1983 etc.

269 2010 301 2050 ⁵)
326 2009 382 2041 Sic
408 2009 489 2041 Mss.
515 2008 606 2040 Libri
631 2007 713 2039 editi
737 2008 785 2052 (v.
811 2020 838 2040 c.
857 2008 932 2041 edd.
951 2006 1017 2052 M.)
1046 2019 1144 2049 „nos:
1169 2016 1203 2039 et
1225 2006 1295 2040 sine

176 2054 351 2087 diabolicis
374 2053 627 2088 incitamentis.“
653 2053 691 2085 R.

266 2110 298 2153 ⁰)
324 2109 379 2142 Sic
397 2108 478 2141 Mss.
498 2108 587 2140 Alias
599 2110 643 2152 (v.
654 2122 680 2142 c.
692 2108 725 2140 in
739 2108 813 2141 edd.
823 2107 888 2152 M.)
906 2107 1009 2140 male:
1027 2108 1222 2150 „tentandis.
1228 2109 1296 2141 “R

267 2165 300 2209 ⁷)
325 2165 386 2196 Ed.
411 2164 460 2196 M.
485 2163 525 2196 Il.
553 2182 569 2195 »
573 2165 698 2208 quod.“
728 2184 764 2189 —
793 2164 861 2197 Cfr.
887 2165 938 2197 ed.
964 2164 1093 2208 Redep.
1117 2177 1191 2208 pag.
1215 2163 1293 2198 279

175 2197 244 2244 ilot.
264 2210 315 2245 10.
331 2210 406 2242 coll.
427 2209 484 2242 lib.
499 2209 538 2241 H.
553 2178 783 2251 quigenianor
798 2219 923 2253 quaest.
938 2210 1011 2241 Vll.
1024 2223 1115 2242 num.
1117 2177 1164 2244 Ρ.5
1174 2218 1207 2241 et
1221 2209 1271 2243 14.

265 2266 449 2309 ⁹)SicMss.
461 2265 602 2297 lnantea
617 2265 714 2297 editis
726 2267 771 2309 (v.
783 2279 808 2298 c
819 2265 894 2299 edd.
905 2266 952 2297 M.
957 2266 1107 2309 )‹]eest„
1112 2265 1241 2299 bonisf‘
1255 2267 1289 2298 R.
