1404 2463
182 98 248 134 432
667 103 845 136 Ommzms

184 190 234 221 bis
266 192 469 235 exprobrans
503 191 713 236 quibusdam,
731 194 760 237 ¹)
786 192 844 237 qui
871 192 1026 224 videntur
1047 191 1111 224 sibi
1135 193 1243 234 legere
1269 193 1315 225 le.-

183 264 270 292 gem,
295 265 357 285 nec
382 262 492 285 tamen
518 253 709 295 intelligunt
734 267 805 287 eam
831 267 893 298 pro
919 266 972 295 eo,
998 254 1090 298 quod
1115 254 1215 298 (171)
1233 254 1315 286 alle-

185 314 293 356 gorias
319 327 388 347 esse
414 315 447 346 in
473 315 540 354 his,
575 329 659 360 quae
683 317 805 361 scripta
830 325 924 358 sunt,
956 315 1129 357 ignorant,
1169 315 1215 348 ita
1241 328 1316 347 cum

184 377 415 421 increpatione
448 378 591 421 quadam
622 379 663 411 ad
695 391 752 410 eos
785 378 884 410 dicit:
922 377 1104 421 „Dicite²)
1137 390 1195 409 vos
1225 377 1319 419 mihi,

187 438 244 483 qui
274 440 336 471 sub
369 440 441 480 lege
475 439 573 472 vultis
599 453 686 480 esse,
724 441 831 482 legem
856 453 925 472 non
952 439 1112 473 audistis?
1146 438 1318 483 Scriptum

188 510 237 533 cst
269 500 376 541 enim,
414 503 506 545 quod
532 504 702 535 Abraham
736 504 821 535 duos
851 503 941 534 filios
978 501 1113 540 habuit,
1148 514 1252 534 unum
1278 487 1319 533 de

187 561 317 601 ancilla,
344 571 376 594 et
400 575 503 595 unum
529 564 571 596 de
597 564 710 597 libera.
751 565 819 598 Sed
846 564 902 609 qui
928 565 969 596 de
994 564 1114 596 ancilla
1139 572 1235 595 natus
1260 571 1318 601 est,

187 624 372 656 secundum
404 637 538 658 carnem
562 635 658 658 natus
692 636 758 668 est;
799 627 855 671 qui
888 636 1001 659 autem
1038 626 1079 658 de
1114 625 1240 663 libera,
1271 636 1322 656 se-

188 686 336 718 cundum
375 687 692 732 repromissionem:
737 701 821 733 quae
859 696 938 720 sunt
975 687 1167 729 allegorica.
1228 686 1321 719 Haec

190 748 278 780 euim
312 757 390 781 sunt
428 750 497 781 duo
524 750 772 782 Testamenta.“
833 750 869 782 In
910 762 977 793 quo
1014 759 1047 781 et
1083 749 1148 781 hoc
1186 759 1320 792 quoque

189 810 470 843 considerandum
496 821 555 850 est,
580 825 679 855 quam
695 812 728 855 ³)
755 821 850 843 caute
877 811 1051 854 apostolus
1070 809 1202 850 dixerit,
1229 808 1321 853 quod

188 873 250 906 ait:
275 872 414 916 „Qui⁴)
438 873 499 904 sub
524 873 596 914 lege
624 872 719 912 estis,
743 873 851 914 legem
876 885 945 904 non
970 870 1157 904 ξιιιᾰὶειῐῐεὲ)ιι
1185 871 1321 911 „Audi-

188 935 291 974 stis,“
324 933 389 965 hoc
414 942 480 973 est,
516 934 703 975 intelligitis
728 943 760 966 et
786 934 995 976 cognoscitis.
1043 933 1112 967 Sed
1138 941 1172 964 et
1194 931 1228 964 in
1253 930 1324 975 epi-

189 996 277 1028 stola
307 996 348 1027 ad
376 995 593 1028 colossenses
625 996 774 1028 breviter
802 1009 936 1028 sensum
961 995 1066 1028 totius
1092 993 1172 1035 legis
1196 993 1325 1037 ample-

191 1069 282 1091 ctens
307 1067 340 1090 et
363 1058 610 1099 constringens:
638 1059 768 1099 „Nemo
783 1059 817 1102 ⁵)
843 1071 940 1100 ergo,
965 1057 1091 1102 inquit,
1115 1068 1173 1088 vos
1198 1054 1324 1101 judicet

190 1121 223 1153 in
249 1133 343 1162 esca,
367 1121 421 1152 vel
447 1120 479 1152 in
504 1129 608 1164 potu,
635 1129 691 1152 aut
714 1120 749 1152 in
773 1120 981 1152 solemnibus
1006 1119 1141 1159 diebus,
1166 1117 1220 1148 vel
1243 1128 1326 1148 neo-

192 1182 321 1222 menia,
357 1182 408 1214 vel
440 1183 597 1215 sabbato:
638 1194 721 1226 quae
753 1191 828 1215 sunt
851 1182 969 1214 umbra
993 1181 1222 1213 fururorum.“
1273 1177 1323 1210 Ad

193 1246 365 1278 Hebraeos
399 1257 535 1289 quoque
568 1245 734 1284 scribens,
768 1254 798 1276 et
833 1245 874 1276 de
906 1244 971 1282 his,
1005 1242 1061 1287 qui
1088 1255 1125 1274 ex
1151 1238 1325 1273 circumci-

192 1308 286 1339 sione
311 1316 405 1346 sunt,
438 1306 618 1345 disserens,
644 1307 704 1338 ait:
738 1306 868 1350 „Hi‚⁶)
903 1305 959 1350 qui
985 1303 1167 1348 exemplari
1192 1311 1226 1335 et
1249 1314 1323 1334 um-

192 1371 271 1401 brae
311 1368 503 1400 deserviunt
536 1368 767 1401 coelestium.“
825 1368 892 1401 Sed
926 1366 1074 1399 fortassis
1105 1365 1212 1410 per7)
1243 1365 1325 1396 haec

195 1432 237 1463 de
264 1431 411 1475 quinque
436 1430 530 1462 libris
556 1429 661 1462 Musis
686 1442 755 1461 non
781 1428 950 1460 videbitur
967 1428 1191 1459 dubitandum
1208 1426 1249 1458 ab
1267 1425 1325 1464 his,

195 1493 252 1538 qui
283 1491 431 1536 apostoli
461 1491 584 1535 scripta
616 1491 706 1523 velut
731 1490 890 1523 divinitus
917 1490 1004 1521 dicta
1027 1487 1224 1532 suscipiunt.
1272 1486 1326 1517 De

194 1555 325 1600 reliqua
351 1567 431 1586 vero
458 1552 595 1585 historia
619 1553 645 1585 si
670 1551 852 1596 requirant,
879 1550 979 1583 etiam
1004 1550 1072 1589 illa,
1097 1561 1181 1594 quae
1205 1547 1253 1580 ibi
1278 1547 1328 1580 in-

194 1626 368 1655 seruntur,
404 1616 438 1648 in
468 1615 574 1657 figura
604 1614 691 1652 illis,
729 1614 770 1646 de
797 1612 917 1657 quibus
940 1612 1152 1653 scribuntur,
1187 1610 1328 1642 dicenda

195 1689 271 1711 sunt
297 1678 484 1720 contigisse,
510 1676 760 1709 observavimus
784 1688 845 1708 nos
871 1675 968 1707 etiam
994 1674 1082 1718 deS)
1107 1673 1172 1705 hoc
1198 1673 1326 1704 dictum

293 1790 323 1834 ¹)
350 1790 406 1824 Sic
426 1790 507 1822 Mss.
525 1789 618 1822 Editi
644 1801 724 1820 vtro
750 1789 796 1833 (v.
816 1801 843 1822 c.
862 1787 938 1819 edd.
956 1787 1021 1830 M)
1048 1785 1244 1830 ‚,qu0sdam,
1269 1783 1326 1828 qui

198 1837 397 1868 videbantur
421 1835 484 1868 sibi
510 1836 619 1877 legere
646 1835 772 1875 legem,
797 1842 830 1865 et
855 1845 924 1864 non
948 1831 1156 1873 intelligere,
1186 1843 1248 1874 pro
1275 1841 1328 1867 en,

198 1882 290 1926 quod
324 1882 517 1922 allegoriam
553 1893 621 1912 esse
647 1881 680 1912 in
708 1879 775 1917 his,
814 1891 898 1923 quae
923 1877 1046 1921 scripta
1071 1885 1164 1916 sunt,
1196 1876 1328 1916 ignora-

197 1930 308 1961 bant.“
338 1927 377 1959 R.
515 1926 548 1970 ²)
575 1925 651 1959 Gal.
679 1925 733 1966 IV,
757 1923 915 1958 21-24,

290 1984 324 2026 3)
350 1983 435 2015 Edd.
463 1982 510 2014 Μ.
539 1982 652 2026 „quod
680 1990 775 2012 caute
800 2000 843 2006 -—
870 1979 1003 2018 dixerit,
1029 1991 1103 2009 cum
1128 1976 1204 2009 ait.“

290 2040 323 2082 α)
348 2040 481 2071 Desunt
505 2039 538 2070 in
564 2037 663 2070 editis
689 2039 734 2081 (v,
761 2050 788 2070 c.
814 2037 890 2069 edd.
917 2036 994 2078 M.)5
1023 2035 1081 2066 sed
1108 2033 1273 2065 habemur
1297 2032 1328 2063 in

199 2087 277 2118 Mss.
304 2086 422 2116 verba:
448 2084 541 2126 „Qui
566 2084 626 2116 sub
653 2084 724 2124 lege
751 2082 859 2114 estis.“
886 2082 925 2114 R.
944 2100 985 2105 —
1013 2080 1081 2113 Cfr.
1109 2079 1184 2111 Gal.
1211 2077 1327 2117 lV‚21.

292 2142 326 2184 ⁵)
352 2140 421 2173 Csr.
448 2140 578 2172 Coloss.
607 2140 647 2178 11,
675 2139 725 2172 16.
832 2139 866 2179 6)
893 2137 997 2169 Hebr.
1023 2135 1117 2175 vlu,
1140 2135 1171 2170 5.

293 2197 324 2240 7)
351 2195 408 2229 Sic
438 2205 528 2228 recte
560 2196 639 2229 Mss.
672 2195 762 2227 Male
797 2207 875 2226 vero
908 2193 990 2225 editi
1023 2193 1069 2238 (v.
1105 2205 1133 2224 c.
1160 2190 1235 2223 edd.
1263 2189 1326 2232 Μ.)

201 2255 283 2287 „per
307 2241 454 2285 quinque
480 2242 584 2273 libros
613 2240 699 2272 Mosi
726 2241 789 2272 hoc
814 2252 881 2271 non
906 2238 1105 2271 videbitur.“
1133 2237 1171 2269 R.

292 2299 326 2343 ⁸)
354 2299 457 2330 Deest
482 2297 566 2338 „dc-‘⁴
593 2297 625 2328 in
651 2297 727 2328 edd.
753 2297 800 2328 M.
