1404 2463
377 115 419 136 ω’,
445 104 638 136 ΡκιΝαιιηιε
664 103 775 134 ΙΛΒιεκ
803 101 859 134 ttt.
1125 100 1190 133 313

71 195 164 234 licta,
205 205 526 238 quaernequaquam
559 192 707 233 malignis
740 190 915 223 virtutibus
937 190 1190 234 perurgentibus

71 256 336 294 committamus,
379 255 443 286 alia
473 266 551 286 vero
584 264 672 291 esse,
705 252 869 296 quibus¹)
894 251 1049 283 instinctu
1077 264 1189 283 carum

71 318 111 350 ad
136 317 340 349 nimietatem
365 316 528 360 quandam
551 314 935 357 immoderationemque
953 325 1188 356 provocemur.

71 379 169 411 Unde
194 390 398 422 consequens
423 385 471 409 est
494 389 581 408 nunc
606 375 786 419 inquirere,
811 375 984 419 quomodo
1003 373 1092 417 ipsae
1112 387 1190 405 con-

71 440 189 472 trariae
219 439 355 471 virtutes
380 440 460 470 haec
487 438 556 481 ipsa
581 437 792 469 incitamenta
818 445 1000 480 operentur
1023 435 1055 467 in
1081 436 1190 467 nobis.

161 500 192 534 4.
239 499 464 541 Cogitationes
499 512 583 543 quae
615 499 656 530 de
694 499 796 530 corde
834 507 949 529 nostro
992 497 1191 540 procedunt,

72 562 122 594 vel
154 561 315 593 memoria
349 573 624 605 quorumcunque
655 570 842 601 gestorum,
882 559 934 590 vel
969 558 1193 602 quarumlibet

73 636 182 656 rerum
214 635 466 667 causarumque,
489 622 751 666 contemplatio,
787 619 974 652 invenimus
1006 619 1097 662 quod
1130 619 1191 650 ali-

73 684 202 729 quoties
233 696 269 716 ex
303 684 399 716 nobis
432 684 512 728 ipsis
536 684 738 728 procedant,
773 681 997 726 aliquoties²)
1021 694 1038 712 a
1064 690 1193 713 contra-

71 745 128 777 riis
154 745 328 777 virtutibus
354 746 581 786 concitentur;
610 745 779 777 interdum
804 744 902 776 etiam
928 756 945 774 a
971 743 1064 781 Deo,
1099 743 1150 774 vel
1175 755 1191 773 a

70 807 189 839 sanctis
213 806 336 848 angelis
367 807 598 840 immittantur.
648 809 769 839 Verum
801 807 864 838 hoc
895 806 940 837 ita
966 817 1035 836 esse
1060 805 1194 835 fabulo.-

71 881 143 901 sum
169 869 306 900 fortasse
331 869 508 910 videbitur,
533 868 596 900 nisi
620 868 811 911 Scripturae
838 866 969 898 divinae
994 865 1193 897 testimoniis

71 930 171 962 suerit
196 931 463 974 comprobatum.
512 929 614 972 Quod
641 942 718 970 ergo
745 927 902 969 cogitatio
928 928 1054 959 oriatur
1080 939 1116 958 ex
1134 939 1194 957 no-

70 991 130 1031 bis,
156 990 266 1024 David
289 1001 427 1023 testatur
451 991 482 1023 in
509 991 657 1031 Psalmis,
683 990 812 1022 dicens:
848 988 1005 1032 „Quia³)
1033 988 1192 1029 cogitatio

72 1052 216 1085 hominis
248 1053 464 1085 confitebitur
495 1053 574 1092 tibi,
612 1061 645 1084 et
674 1051 835 1095 reliquiae
868 1049 1080 1091 cogitationis
1104 1049 1192 1081 diem

72 1115 194 1145 festum
225 1123 321 1154 agent
350 1113 443 1147 tibi.“
493 1113 596 1156 Quod
627 1123 737 1145 autem
764 1121 796 1144 et
822 1125 838 1144 a
865 1111 1038 1144 contrariis
1064 1110 1193 1142 virtuti-

72 1177 133 1207 bus
159 1174 229 1207 fieri
247 1175 362 1216 soleat,
387 1175 549 1207 Salomon
566 1175 598 1207 in
614 1174 812 1219 Ecclesiaste
830 1182 968 1205 testatur
985 1173 1049 1204 hoc
1068 1173 1171 1204 modo
1186 1186 1193 1204 ;

75 1236 133 1276 „Si
148 1236 180 1281 ⁴)
213 1236 347 1280 spiritus
377 1246 575 1281 potestatem
606 1235 756 1268 habentis
787 1234 996 1267 adscenderit
1025 1247 1126 1277 super
1150 1243 1193 1272 te,

73 1298 185 1330 locum
211 1307 303 1330 tuum
328 1311 368 1329 ne
393 1297 553 1330 dimittas:
580 1297 737 1341 quoniam
762 1297 882 1329 sanitas
908 1296 1092 1339 compescit
1115 1309 1193 1339 pcc-

74 1367 143 1391 cata
171 1359 306 1390 multa.“
346 1359 388 1391 Et
411 1359 533 1391 Paulus
557 1359 730 1403 apostolus
756 1359 796 1390 de
821 1358 937 1390 iisdem
964 1356 1192 1389 testimonium

73 1420 175 1460 dabit,
198 1420 328 1453 dicens:
355 1420 650 1464 „Cogitationes⁵)
675 1421 892 1458 destruentes,
917 1428 949 1451 et
975 1432 1108 1450 omnem
1127 1419 1196 1450 ela-

74 1482 220 1521 tionem,
254 1483 384 1526 quaess)
416 1495 450 1514 se
489 1481 618 1514 extollit
649 1482 803 1513 adversus
834 1481 1005 1513 scientiam
1037 1480 1192 1514 Chrisfif‘

73 1543 121 1576 Ex
148 1544 223 1576 Deo
259 1553 371 1575 autem
397 1543 488 1587 quod
512 1543 585 1584 fiat,
620 1542 731 1574 David
755 1541 972 1574 nihilominus
996 1551 1136 1574 testatur
1160 1542 1193 1573 in

76 1604 224 1644 Psalmis,
249 1603 377 1636 dicens:
411 1604 598 1646 ‚,Beatus⁷)
625 1604 690 1643 vir,
724 1603 815 1646 cujus
841 1612 889 1635 est
912 1603 1079 1647 susceptio
1105 1603 1193 1647 apud

76 1675 125 1703 te,
159 1665 322 1705 Domine,
355 1666 530 1698 adscensus
555 1665 587 1697 in
613 1666 713 1697 corde
738 1664 837 1709 ejus.“
886 1665 928 1697 Et
952 1665 1124 1709 apostolus
1149 1665 1196 1696 di-

77 1726 138 1766 cit,
163 1727 318 1770 quoniam
346 1727 458 1768 „Deus
471 1727 504 1770 ⁸)
530 1727 622 1758 dedit
648 1727 681 1759 in
707 1727 808 1759 corde
833 1727 934 1759 Titi.“
985 1726 1087 1769 Quod
1113 1739 1191 1757 vero

175 1868 204 1907 Ι)
230 1866 292 1898 Ed.
319 1867 363 1897 M.
389 1866 411 1897 l.
441 1870 556 1910 ‚,qua.“

165 1922 197 1963 ²)
227 1921 282 1954 Sic
316 1921 401 1953 hunc
437 1921 549 1953 locum
581 1921 757 1954 restituunt
789 1922 867 1954 Mss
903 1922 993 1954 Alias
1027 1924 1071 1964 (v.
1107 1933 1133 1953 c.
1160 1935 1191 1952 in

78 1967 153 2000 edd.
178 1966 241 2009 Μ.)
268 1967 404 2007 legitur:
439 1966 636 2010 »aliquoties
661 1980 696 1998 ex
723 1967 895 1998 contrariis
919 1966 1095 1998 virtutibus
1122 1966 1194 1998 ficri

75 2012 214 2044 soleant.
263 2011 365 2053 Quod
386 2010 546 2043 Salomon
571 2012 604 2043 in
628 2011 826 2044 Ecclesiaste
850 2016 1010 2044 testatur“
1029 2021 1093 2044 etc.
1120 2011 1190 2044 Sic-

80 2070 143 2101 que
168 2056 272 2087 multa
298 2055 417 2087 omissa
441 2057 580 2088 fuerant.
605 2057 644 2089 R.

167 2113 200 2155 ³)
226 2111 345 2144 Psalm.
369 2112 520 2151 LXXVt,
546 2112 596 2146 10.
623 2113 790 2157 (LXXV.)

173 2168 205 2211 ⁴)
232 2167 417 2199 Ecclesiast.
440 2168 482 2208 X,
507 2168 539 2201 4.
678 2169 710 2210 ⁵)
736 2169 804 2202 Cfr.
830 2169 860 2200 ΙΙ
886 2169 962 2202 Cor.
989 2169 1031 2207 X,
1055 2169 1086 2201 5.

176 2225 209 2265 ⁶)
235 2224 296 2255 Ed.
323 2223 369 2255 M.
395 2220 419 2255 Ι.
444 2224 545 2256 male:
572 2225 680 2268 „qui.“
751 2226 779 2268 ⁷)
805 2225 924 2259 Psalm.
950 2225 1140 2262 LXXXIV,
1166 2224 1193 2256 5.

168 2281 199 2323 '’)
226 2279 293 2313 Cfr.
323 2280 349 2311 ΙΙ
380 2279 455 2312 Cor.
486 2279 575 2317 Vlll,
602 2280 653 2314 16.
