1404 2463
160 90 227 125 222
637 90 812 123 Onffimws

162 195 200 213 ex
226 180 298 222 iege
323 179 468 223 geritur3
498 180 550 212 vel
574 179 662 223 apud
688 179 836 218 Tauros,
860 179 918 211 ubi
942 179 1091 224 hospites
1113 180 1293 213 immolan-

162 252 228 277 tur.
275 241 380 286 Aiunt
410 254 488 283 ergo
521 241 636 274 nobis:
674 241 710 274 Si
744 242 824 273 hae«-
856 251 943 274 tanta
968 255 1080 274 rerum
1108 243 1290 280 diversitas,

160 305 385 349 nascendique
418 303 569 336 conditio
593 313 659 335 tam
686 303 794 343 varia,
830 314 964 348 tamque
989 304 1137 344 diversa,
1168 305 1201 337 in
1226 317 1289 348 qua

162 380 257 399 causa
282 367 398 410 utique
425 366 565 398 facultas
590 365 687 398 liberi
712 365 841 398 arbitrii
864 367 974 398 locum
993 379 1061 398 non
1080 367 1196 399 habet:
1221 379 1290 398 non

163 428 252 461 enim
278 428 350 473 quis
374 427 446 471 ipse
471 427 533 459 sibi
559 427 668 469 eligit,
695 429 742 459 vel
761 430 790 471 ¹)
816 428 891 466 ubi,
918 428 969 460 vel
995 429 1084 472 apud
1109 441 1211 473 quos,
1237 428 1289 460 rel

163 504 226 535 qua
253 489 448 522 conditione
474 498 642 521 nascatur:
668 489 693 521 si
720 503 810 531 ergo,
836 490 1003 534 inquiunt,
1030 491 1094 522 boc
1118 503 1185 522 non
1211 490 1291 525 facit,

161 562 298 585 naturae
324 551 496 584 diversitas
521 550 764 595 animaru¹n‚²)
791 552 824 584 id
850 562 909 591 est,
934 561 970 584 ut
988 553 1071 584 mata
1089 562 1204 584 natura
1221 552 1291 584 ani-

160 628 235 647 mae
259 615 300 646 ad
324 623 455 655 gentem
477 613 596 645 malam
615 613 811 653 destinetur,
835 614 922 646 bona
941 623 1052 646 autem
1070 615 1110 646 ad
1128 615 1243 653 bonas,
1256 615 1290 658 ³)

161 677 242 722 quid
266 676 359 709 aliud
382 684 550 719 superest,
574 675 636 708 nisi
662 685 698 708 ut
722 675 864 708 fortuito
890 675 949 707 ista
974 675 1025 717 agi
1049 685 1225 721 putentur,
1257 685 1291 708 et

161 738 260 772 casu?
301 738 404 781 Quod
436 737 554 781 utique
586 737 611 769 si
637 737 834 781 recipiatur,
866 738 930 782 jam
955 750 1017 770 nec
1041 750 1059 770 a
1082 737 1158 770 Deo
1183 738 1289 771 sactus

161 813 231 833 esse
263 800 425 837 mundus,
466 812 526 831 nec
557 812 574 831 a
606 799 814 843 providentia
845 799 916 844 ejus
945 799 1014 841 regi
1048 800 1220 839 credetur,
1256 809 1289 832 et

161 871 405 906 consequenter
439 874 502 893 nec
533 861 599 893 Dei
629 861 790 905 judicium
823 861 863 893 de
896 861 1156 905 uniuscujusque
1192 861 1290 903 gestis

160 924 330 957 videbitur
364 923 634 967 exspectandum.
683 923 721 954 ln
757 936 821 967 qua
853 936 887 954 re
912 935 996 967 quae
1019 922 1062 955 sit
1085 923 1223 967 quidem
1247 924 1289 955 ad

160 986 330 1031 liquidum
356 985 474 1016 veritas
499 997 626 1021 reruni,
663 983 752 1016 iltius
776 994 825 1016 est
849 997 945 1016 nosse
969 984 1090 1024 soiius,
1116 985 1172 1029 qui
1197 999 1289 1018 scru-

161 1058 251 1080 tatur
268 1047 300 1092 4)
327 1045 450 1085 omnia,
475 1047 575 1078 etiam
599 1046 664 1078 alta
688 1046 766 1078 Dei.

248 1108 280 1143 6.
326 1110 397 1141 Nos
428 1121 507 1140 vero
538 1108 630 1152 quasi
661 1108 831 1148 homines,
866 1121 906 1140 ue
933 1108 1176 1141 haereticorum
1201 1108 1289 1141 inso-

160 1171 297 1204 lentiam
323 1170 496 1203 reticendo
521 1169 716 1209 nutriamus,
742 1183 824 1213 qnae
849 1183 911 1213 pro
936 1170 1062 1202 viribus
1086 1170 1207 1202 nostris
1231 1183 1289 1202 oc—

160 1246 294 1265 currere
318 1232 416 1264 nobis
433 1241 584 1276 possunt,
610 1232 649 1263 ad
670 1244 717 1270 ea,
743 1244 826 1275 quae
845 1232 1082 1271 obtenderunt‚
1103 1231 1166 1264 hoc
1183 1232 1288 1264 modo

159 1294 449 1339 respondebimus.
496 1293 630 1325 Bonum
664 1306 733 1325 esse
759 1303 790 1325 et
813 1293 937 1338 justum
962 1303 995 1326 et
1019 1293 1288 1337 omnipotentem

160 1358 272 1389 Deum
307 1364 491 1387 creatorem
515 1355 768 1395 universorum,
807 1355 1115 1399 q=1ibus,valuimus
1139 1369 1176 1388 ex
1202 1356 1288 1388 divi-

162 1418 213 1451 nis
237 1417 420 1462 scripturis
445 1416 728 1460 assertionibus⁵)
752 1417 947 1461 frequenter
971 1407 1189 1451 ostendimus.
1222 1418 1287 1451 Hic

163 1493 238 1512 cum
269 1479 303 1511 in
336 1477 505 1523 principio
538 1487 744 1519 crem-etica,
774 1492 859 1523 quae
885 1492 996 1511 creare
1021 1479 1147 1520 voluit,
1179 1479 1212 1511 id
1239 1489 1287 1512 est

161 1540 377 1574 rationabiles
407 1551 557 1580 naturas,
595 1540 721 1572 nullam
746 1541 904 1584 habuitss)
929 1540 1026 1573 aliam
1052 1541 1185 1573 creandi
1212 1554 1287 1573 cau-

162 1617 231 1636 sam
256 1603 318 1635 nisi
343 1611 484 1647 propter
507 1615 541 1634 se
566 1602 687 1646 ipsum,
712 1602 744 1634 id
772 1612 822 1634 est
845 1600 1028 1634 bonitatem
1053 1615 1158 1636 suam.
1195 1602 1285 1646 Quia

257 1772 288 1813 ¹)
313 1770 417 1802 Deest
443 1769 539 1810 „vel“
565 1769 598 1801 in
624 1770 698 1801 edd.
725 1768 773 1802 M.

253 1825 287 1869 2²)
312 1826 443 1857 Desunt
466 1826 500 1858 in
525 1825 618 1858 libris
643 1834 736 1857 antea
762 1825 858 1857 editis
883 1826 928 1869 (v.
956 1839 982 1858 c.
1008 1826 1083 1859 edd.
1111 1826 1193 1871 Μ.),
1226 1827 1283 1859 sed

160 1871 324 1903 habentur
348 1871 380 1902 in
406 1871 485 1904 Mss.
509 1872 625 1903 verba:
653 1871 876 1912 „anim-arum,
900 1871 935 1904 id
960 1876 1040 1903 est.“
1068 1872 1105 1904 Ρι.

255 1928 288 1970 ³)
314 1927 370 1960 Sic
396 1927 475 1960 Mss.
501 1926 591 1959 Alias
616 1928 661 1970 (v,
687 1939 713 1959 e.
738 1926 771 1958 in
797 1927 872 1959 edd.
899 1928 963 1971 M.)
990 1929 1148 1962 ›·b0nos.⁶‘

253 1983 286 2026 ⁴)
313 1983 324 2013 1
351 1983 428 2016 Cor.
454 1983 496 2022 II,
522 1983 572 2016 10.

255 2039 288 2082 ⁵)
313 2039 401 2072 Edd.
434 2038 483 2072 M.
516 2039 772 2080 „assertionibus
804 2038 838 2072 in
868 2039 1098 2084 superioribus
1128 2039 1283 2084 frequen-

158 2088 229 2116 ter“
257 2093 317 2116 etc.

254 2139 288 2183 ⁶)
314 2139 368 2172 Sic
394 2152 509 2171 ornnes
534 2139 643 2173 Codd.
668 2139 750 2174 Mss.
773 2140 864 2172 Editi
889 2140 936 2185 (v,
962 2154 989 2174 c.
1013 2141 1088 2173 edd.
1114 2140 1181 2183 M.)
1207 2141 1282 2181 „ha-

160 2184 233 2216 buit
263 2184 395 2216 creandi
429 2197 557 2216 causam
590 2194 722 2228 praeter
744 2198 777 2218 se
803 2186 946 2229 ipsum.“
971 2187 1011 2219 R.
1037 2206 1078 2211 —-
1111 2186 1197 2218 Vide
1225 2186 1280 2218 tib.

164 2230 202 2262 ΙΙ.
235 2229 464 2271 Origenianor.
501 2239 624 2273 quaest.
656 2231 733 2263 ΧΙῙ.
769 2244 858 2263 num.
891 2231 921 2264 2.
954 2231 1034 2264 coll.
1068 2232 1121 2264 ed.
1151 2231 1278 2274 Redep.

163 2287 235 2317 pag.
260 2276 334 2309 219.
360 2284 428 2307 not.
453 2275 506 2308 35.
