<?xml version="1.0" encoding="UTF-8"?>
<!DOCTYPE html PUBLIC "-//W3C//DTD XHTML 1.0 Transitional//EN"
    "http://www.w3.org/TR/xhtml1/DTD/xhtml1-transitional.dtd">
<html xmlns="http://www.w3.org/1999/xhtml" xml:lang="en" lang="en">
 <head>
  <title>
</title>
<meta http-equiv="Content-Type" content="text/html;charset=utf-8" />
  <meta name='ocr-system' content='tesseract 3.04.00' />
  <meta name='ocr-capabilities' content='ocr_page ocr_carea ocr_par ocr_line ocrx_word'/>
</head>
<body>
  <div class='ocr_page' id='page_1' title='image "./operaomniaquaegr21orig/operaomniaquaegr21orig_0139.png"; bbox 0 0 1404 2463; ppageno 0'>
   <div class='ocr_carea' id='block_1_1' title="bbox 0 1356 5 1883">
    <p class='ocr_par' dir='ltr' id='par_1_1' title="bbox 0 1356 5 1883">
     <span class='ocr_line' id='line_1_1' title="bbox 0 1356 5 1883; baseline 0 0"><span class='ocrx_word' id='word_1_1' title='bbox 0 1356 5 1883; x_wconf 95' lang='lat' dir='ltr'> </span> 
     </span>
    </p>
   </div>
   <div class='ocr_carea' id='block_1_2' title="bbox 0 0 22 2463">
    <p class='ocr_par' dir='ltr' id='par_1_2' title="bbox 0 0 22 2463">
     <span class='ocr_line' id='line_1_2' title="bbox 0 0 22 2463; baseline 0 0"><span class='ocrx_word' id='word_1_2' title='bbox 0 0 22 2463; x_wconf 95' lang='lat' dir='ltr'> </span> 
     </span>
    </p>
   </div>
   <div class='ocr_carea' id='block_1_3' title="bbox 403 111 1186 147">
    <p class='ocr_par' dir='ltr' id='par_1_3' title="bbox 403 111 1186 147">
     <span class='ocr_line' id='line_1_3' title="bbox 403 111 1186 147; baseline 0.004 -3"><span class='ocrx_word' id='word_1_3' title='bbox 403 122 447 144; x_wconf 78' lang='lat' dir='ltr'>DE</span> <span class='ocrx_word' id='word_1_4' title='bbox 473 111 667 145; x_wconf 72' lang='lat' dir='ltr'>ancwns</span> <span class='ocrx_word' id='word_1_5' title='bbox 691 112 800 143; x_wconf 68' lang='lat' dir='ltr'>Lmen</span> <span class='ocrx_word' id='word_1_6' title='bbox 828 112 850 143; x_wconf 93' lang='lat'>1.</span> <span class='ocrx_word' id='word_1_7' title='bbox 1122 112 1186 147; x_wconf 86' lang='lat'>125</span> 
     </span>
    </p>
   </div>
   <div class='ocr_carea' id='block_1_4' title="bbox 59 199 1186 1658">
    <p class='ocr_par' dir='ltr' id='par_1_4' title="bbox 59 199 1186 1412">
     <span class='ocr_line' id='line_1_4' title="bbox 66 199 1186 244; baseline 0.003 -12"><span class='ocrx_word' id='word_1_8' title='bbox 66 200 201 233; x_wconf 76' lang='lat' dir='ltr'><strong>rituales</strong></span> <span class='ocrx_word' id='word_1_9' title='bbox 226 201 387 240; x_wconf 83' lang='lat' dir='ltr'>diversas,</span> <span class='ocrx_word' id='word_1_10' title='bbox 423 210 455 233; x_wconf 89' lang='lat' dir='ltr'>ct</span> <span class='ocrx_word' id='word_1_11' title='bbox 480 202 524 232; x_wconf 87' lang='lat' dir='ltr'>ob</span> <span class='ocrx_word' id='word_1_12' title='bbox 540 201 569 244; x_wconf 87' lang='lat'>¹)</span> <span class='ocrx_word' id='word_1_13' title='bbox 594 200 657 232; x_wconf 85' lang='lat' dir='ltr'>hoc</span> <span class='ocrx_word' id='word_1_14' title='bbox 682 212 698 231; x_wconf 91' lang='lat' dir='ltr'>a</span> <span class='ocrx_word' id='word_1_15' title='bbox 724 199 860 233; x_wconf 86' lang='lat' dir='ltr'>diversis</span> <span class='ocrx_word' id='word_1_16' title='bbox 885 202 1112 235; x_wconf 70' lang='lat' dir='ltr'>conditoribus</span> <span class='ocrx_word' id='word_1_17' title='bbox 1137 203 1186 235; x_wconf 89' lang='lat' dir='ltr'>in-</span> 
     </span>
     <span class='ocr_line' id='line_1_5' title="bbox 67 261 1186 304; baseline 0.001 -10"><span class='ocrx_word' id='word_1_18' title='bbox 67 261 212 301; x_wconf 84' lang='lat' dir='ltr'>stitutas,</span> <span class='ocrx_word' id='word_1_19' title='bbox 235 271 302 294; x_wconf 88' lang='lat' dir='ltr'>tam</span> <span class='ocrx_word' id='word_1_20' title='bbox 327 262 360 294; x_wconf 92' lang='lat' dir='ltr'>in</span> <span class='ocrx_word' id='word_1_21' title='bbox 386 261 604 299; x_wconf 86' lang='lat' dir='ltr'>coelestibus,</span> <span class='ocrx_word' id='word_1_22' title='bbox 629 273 728 304; x_wconf 82' lang='lat' dir='ltr'>quam</span> <span class='ocrx_word' id='word_1_23' title='bbox 753 261 852 293; x_wconf 85' lang='lat' dir='ltr'>etiam</span> <span class='ocrx_word' id='word_1_24' title='bbox 877 261 963 293; x_wconf 86' lang='lat' dir='ltr'>inter</span> <span class='ocrx_word' id='word_1_25' title='bbox 985 263 1109 295; x_wconf 81' lang='lat' dir='ltr'>animas</span> <span class='ocrx_word' id='word_1_26' title='bbox 1127 264 1186 296; x_wconf 84' lang='lat' dir='ltr'>ho-</span> 
     </span>
     <span class='ocr_line' id='line_1_6' title="bbox 64 322 1185 366; baseline 0.001 -11"><span class='ocrx_word' id='word_1_27' title='bbox 64 322 193 355; x_wconf 88' lang='lat' dir='ltr'>minum</span> <span class='ocrx_word' id='word_1_28' title='bbox 218 324 360 365; x_wconf 79' lang='lat' dir='ltr'>fingunt:</span> <span class='ocrx_word' id='word_1_29' title='bbox 394 323 472 354; x_wconf 90' lang='lat' dir='ltr'>dum</span> <span class='ocrx_word' id='word_1_30' title='bbox 505 332 537 354; x_wconf 85' lang='lat' dir='ltr'>et</span> <span class='ocrx_word' id='word_1_31' title='bbox 569 324 624 354; x_wconf 88' lang='lat' dir='ltr'>uni</span> <span class='ocrx_word' id='word_1_32' title='bbox 649 322 826 366; x_wconf 82' lang='lat' dir='ltr'><strong>eidemque</strong></span> <span class='ocrx_word' id='word_1_33' title='bbox 850 323 1016 355; x_wconf 88' lang='lat' dir='ltr'>conditori</span> <span class='ocrx_word' id='word_1_34' title='bbox 1041 324 1185 356; x_wconf 85' lang='lat' dir='ltr'>diversas</span> 
     </span>
     <span class='ocr_line' id='line_1_7' title="bbox 65 374 1185 418; baseline 0.003 -3"><span class='ocrx_word' id='word_1_35' title='bbox 65 393 197 417; x_wconf 87' lang='lat' dir='ltr'>naturas</span> <span class='ocrx_word' id='word_1_36' title='bbox 226 374 475 416; x_wconf 84' lang='lat' dir='ltr'>rationabilium</span> <span class='ocrx_word' id='word_1_37' title='bbox 503 393 727 416; x_wconf 86' lang='lat' dir='ltr'>creaturarum</span> <span class='ocrx_word' id='word_1_38' title='bbox 752 384 894 416; x_wconf 83' lang='lat' dir='ltr'>adscribi</span> <span class='ocrx_word' id='word_1_39' title='bbox 920 384 1050 416; x_wconf 78' lang='lat' dir='ltr'>videtur</span> <span class='ocrx_word' id='word_1_40' title='bbox 1072 387 1185 418; x_wconf 84' lang='lat' dir='ltr'>absur-</span> 
     </span>
     <span class='ocr_line' id='line_1_8' title="bbox 65 445 1184 490; baseline 0.001 -12"><span class='ocrx_word' id='word_1_41' title='bbox 65 446 163 485; x_wconf 81' lang='lat' dir='ltr'>dum,</span> <span class='ocrx_word' id='word_1_42' title='bbox 195 445 281 478; x_wconf 88' lang='lat' dir='ltr'>sicut</span> <span class='ocrx_word' id='word_1_43' title='bbox 311 458 386 477; x_wconf 86' lang='lat' dir='ltr'>vere</span> <span class='ocrx_word' id='word_1_44' title='bbox 417 445 597 477; x_wconf 88' lang='lat' dir='ltr'>absurdum</span> <span class='ocrx_word' id='word_1_45' title='bbox 621 454 686 483; x_wconf 87' lang='lat' dir='ltr'>est,</span> <span class='ocrx_word' id='word_1_46' title='bbox 722 448 798 485; x_wconf 81' lang='lat' dir='ltr'>et²)</span> <span class='ocrx_word' id='word_1_47' title='bbox 826 458 955 477; x_wconf 81' lang='lat' dir='ltr'>causam</span> <span class='ocrx_word' id='word_1_48' title='bbox 979 455 1088 477; x_wconf 86' lang='lat' dir='ltr'>tamen</span> <span class='ocrx_word' id='word_1_49' title='bbox 1115 446 1184 490; x_wconf 78' lang='lat' dir='ltr'>ejus</span> 
     </span>
     <span class='ocr_line' id='line_1_9' title="bbox 65 506 1183 551; baseline 0 -11"><span class='ocrx_word' id='word_1_50' title='bbox 65 507 264 540; x_wconf 72' lang='lat' dir='ltr'>diversitatis</span> <span class='ocrx_word' id='word_1_51' title='bbox 295 506 458 548; x_wconf 83' lang='lat' dir='ltr'>ignorant.</span> <span class='ocrx_word' id='word_1_52' title='bbox 505 506 607 538; x_wconf 86' lang='lat' dir='ltr'>Aiunt</span> <span class='ocrx_word' id='word_1_53' title='bbox 632 506 720 538; x_wconf 88' lang='lat' dir='ltr'>enim</span> <span class='ocrx_word' id='word_1_54' title='bbox 746 519 952 551; x_wconf 87' lang='lat' dir='ltr'>consequens</span> <span class='ocrx_word' id='word_1_55' title='bbox 976 520 1043 539; x_wconf 88' lang='lat' dir='ltr'>nou</span> <span class='ocrx_word' id='word_1_56' title='bbox 1069 507 1183 547; x_wconf 83' lang='lat' dir='ltr'>videri,</span> 
     </span>
     <span class='ocr_line' id='line_1_10' title="bbox 63 568 1184 612; baseline 0 -11"><span class='ocrx_word' id='word_1_57' title='bbox 63 578 100 601; x_wconf 91' lang='lat' dir='ltr'>ut</span> <span class='ocrx_word' id='word_1_58' title='bbox 131 582 214 600; x_wconf 89' lang='lat' dir='ltr'>unus</span> <span class='ocrx_word' id='word_1_59' title='bbox 237 577 336 612; x_wconf 86' lang='lat' dir='ltr'>atque</span> <span class='ocrx_word' id='word_1_60' title='bbox 359 568 449 600; x_wconf 88' lang='lat' dir='ltr'>idem</span> <span class='ocrx_word' id='word_1_61' title='bbox 475 568 649 607; x_wconf 88' lang='lat' dir='ltr'>conditor,</span> <span class='ocrx_word' id='word_1_62' title='bbox 680 568 771 600; x_wconf 88' lang='lat' dir='ltr'>nulla</span> <span class='ocrx_word' id='word_1_63' title='bbox 796 578 941 601; x_wconf 77' lang='lat' dir='ltr'>exstante</span> <span class='ocrx_word' id='word_1_64' title='bbox 966 582 1060 601; x_wconf 81' lang='lat' dir='ltr'>causa</span> <span class='ocrx_word' id='word_1_65' title='bbox 1084 569 1184 601; x_wconf 84' lang='lat' dir='ltr'>meri-</span> 
     </span>
     <span class='ocr_line' id='line_1_11' title="bbox 63 624 1182 675; baseline 0.001 -14"><span class='ocrx_word' id='word_1_66' title='bbox 63 638 194 668; x_wconf 86' lang='lat' dir='ltr'>torum,</span> <span class='ocrx_word' id='word_1_67' title='bbox 233 629 305 661; x_wconf 76' lang='lat' dir='ltr'>aliis</span> <span class='ocrx_word' id='word_1_68' title='bbox 342 624 541 673; x_wconf 73' lang='lat' dir='ltr'>potestatem</span> <span class='ocrx_word' id='word_1_69' title='bbox 582 629 821 662; x_wconf 86' lang='lat' dir='ltr'>dominationis</span> <span class='ocrx_word' id='word_1_70' title='bbox 852 629 1016 675; x_wconf 81' lang='lat' dir='ltr'>injungat,</span> <span class='ocrx_word' id='word_1_71' title='bbox 1053 630 1182 675; x_wconf 78' lang='lat' dir='ltr'>alios³)</span> 
     </span>
     <span class='ocr_line' id='line_1_12' title="bbox 62 690 1183 736; baseline 0.002 -14"><span class='ocrx_word' id='word_1_72' title='bbox 62 690 215 736; x_wconf 82' lang='lat' dir='ltr'>subjiciat</span> <span class='ocrx_word' id='word_1_73' title='bbox 254 691 519 730; x_wconf 81' lang='lat' dir='ltr'>dominantibus,</span> <span class='ocrx_word' id='word_1_74' title='bbox 555 691 628 723; x_wconf 86' lang='lat' dir='ltr'>aliis</span> <span class='ocrx_word' id='word_1_75' title='bbox 666 691 790 723; x_wconf 85' lang='lat' dir='ltr'>tribuat</span> <span class='ocrx_word' id='word_1_76' title='bbox 821 691 1064 735; x_wconf 79' lang='lat' dir='ltr'>principatum,</span> <span class='ocrx_word' id='word_1_77' title='bbox 1099 692 1183 724; x_wconf 82' lang='lat' dir='ltr'>alios</span> 
     </span>
     <span class='ocr_line' id='line_1_13' title="bbox 62 751 1185 797; baseline 0.001 -13"><span class='ocrx_word' id='word_1_78' title='bbox 62 752 229 796; x_wconf 76' lang='lat' dir='ltr'>subjectos</span> <span class='ocrx_word' id='word_1_79' title='bbox 253 751 352 784; x_wconf 80' lang='lat' dir='ltr'>faciat</span> <span class='ocrx_word' id='word_1_80' title='bbox 375 752 580 797; x_wconf 85' lang='lat' dir='ltr'>principibus</span> <span class='ocrx_word' id='word_1_81' title='bbox 605 765 685 785; x_wconf 88' lang='lat' dir='ltr'>esse.</span> <span class='ocrx_word' id='word_1_82' title='bbox 733 752 829 795; x_wconf 85' lang='lat' dir='ltr'>Quae</span> <span class='ocrx_word' id='word_1_83' title='bbox 853 755 967 797; x_wconf 84' lang='lat' dir='ltr'>utique</span> <span class='ocrx_word' id='word_1_84' title='bbox 992 754 1122 793; x_wconf 72' lang='lat' dir='ltr'>omnia,</span> <span class='ocrx_word' id='word_1_85' title='bbox 1146 763 1185 785; x_wconf 93' lang='lat' dir='ltr'>ut</span> 
     </span>
     <span class='ocr_line' id='line_1_14' title="bbox 64 813 1183 859; baseline 0.003 -14"><span class='ocrx_word' id='word_1_86' title='bbox 64 826 124 856; x_wconf 86' lang='lat' dir='ltr'>ego</span> <span class='ocrx_word' id='word_1_87' title='bbox 151 813 300 846; x_wconf 84' lang='lat' dir='ltr'>existimo</span> <span class='ocrx_word' id='word_1_88' title='bbox 313 813 358 858; x_wconf 73' lang='lat'>⁴),</span> <span class='ocrx_word' id='word_1_89' title='bbox 393 814 629 858; x_wconf 78' lang='lat' dir='ltr'>consequentia</span> <span class='ocrx_word' id='word_1_90' title='bbox 654 813 792 846; x_wconf 86' lang='lat' dir='ltr'>rationis</span> <span class='ocrx_word' id='word_1_91' title='bbox 816 814 930 859; x_wconf 70' lang='lat' dir='ltr'>hujus,</span> <span class='ocrx_word' id='word_1_92' title='bbox 961 828 1058 859; x_wconf 81' lang='lat' dir='ltr'>quam</span> <span class='ocrx_word' id='word_1_93' title='bbox 1083 828 1183 859; x_wconf 79' lang='lat' dir='ltr'>supra</span> 
     </span>
     <span class='ocr_line' id='line_1_15' title="bbox 64 874 1182 920; baseline 0.003 -13"><span class='ocrx_word' id='word_1_94' title='bbox 64 875 293 920; x_wconf 81' lang='lat' dir='ltr'>exposuimus,</span> <span class='ocrx_word' id='word_1_95' title='bbox 328 874 495 916; x_wconf 82' lang='lat' dir='ltr'>redarguit</span> <span class='ocrx_word' id='word_1_96' title='bbox 532 884 630 919; x_wconf 89' lang='lat' dir='ltr'>atque</span> <span class='ocrx_word' id='word_1_97' title='bbox 663 876 831 916; x_wconf 78' lang='lat' dir='ltr'>confutat,</span> <span class='ocrx_word' id='word_1_98' title='bbox 866 890 927 920; x_wconf 88' lang='lat' dir='ltr'>per</span> <span class='ocrx_word' id='word_1_99' title='bbox 957 889 1054 920; x_wconf 89' lang='lat' dir='ltr'>quam</span> <span class='ocrx_word' id='word_1_100' title='bbox 1087 890 1182 910; x_wconf 82' lang='lat' dir='ltr'>causa</span> 
     </span>
     <span class='ocr_line' id='line_1_16' title="bbox 62 936 1182 982; baseline 0.001 -12"><span class='ocrx_word' id='word_1_101' title='bbox 62 937 259 970; x_wconf 76' lang='lat' dir='ltr'>diversitatis</span> <span class='ocrx_word' id='word_1_102' title='bbox 293 950 331 969; x_wconf 91' lang='lat' dir='ltr'>ac</span> <span class='ocrx_word' id='word_1_103' title='bbox 370 936 533 969; x_wconf 85' lang='lat' dir='ltr'>varietatis</span> <span class='ocrx_word' id='word_1_104' title='bbox 568 936 602 968; x_wconf 91' lang='lat' dir='ltr'>in</span> <span class='ocrx_word' id='word_1_105' title='bbox 641 936 775 978; x_wconf 86' lang='lat' dir='ltr'>singulis</span> <span class='ocrx_word' id='word_1_106' title='bbox 810 937 994 982; x_wconf 87' lang='lat' dir='ltr'>quibusque</span> <span class='ocrx_word' id='word_1_107' title='bbox 1025 938 1182 971; x_wconf 78' lang='lat' dir='ltr'>creaturis</span> 
     </span>
     <span class='ocr_line' id='line_1_17' title="bbox 63 998 1181 1042; baseline 0 -10"><span class='ocrx_word' id='word_1_108' title='bbox 63 1000 250 1033; x_wconf 85' lang='lat' dir='ltr'>ostenditur</span> <span class='ocrx_word' id='word_1_109' title='bbox 281 1012 317 1031; x_wconf 86' lang='lat' dir='ltr'>ex</span> <span class='ocrx_word' id='word_1_110' title='bbox 349 999 494 1042; x_wconf 82' lang='lat' dir='ltr'>ipsarum</span> <span class='ocrx_word' id='word_1_111' title='bbox 531 998 695 1037; x_wconf 77' lang='lat' dir='ltr'>motibus,</span> <span class='ocrx_word' id='word_1_112' title='bbox 735 998 786 1030; x_wconf 78' lang='lat' dir='ltr'>vel</span> <span class='ocrx_word' id='word_1_113' title='bbox 825 998 1086 1038; x_wconf 81' lang='lat' dir='ltr'>ardentioribus,</span> <span class='ocrx_word' id='word_1_114' title='bbox 1126 1001 1181 1032; x_wconf 77' lang='lat' dir='ltr'>vel</span> 
     </span>
     <span class='ocr_line' id='line_1_18' title="bbox 59 1059 1181 1106; baseline 0 -12"><span class='ocrx_word' id='word_1_115' title='bbox 59 1060 281 1106; x_wconf 84' lang='lat' dir='ltr'>pigrioribus,</span> <span class='ocrx_word' id='word_1_116' title='bbox 309 1060 492 1092; x_wconf 86' lang='lat' dir='ltr'>secundum</span> <span class='ocrx_word' id='word_1_117' title='bbox 517 1059 691 1098; x_wconf 80' lang='lat' dir='ltr'>virtutem,</span> <span class='ocrx_word' id='word_1_118' title='bbox 728 1060 779 1091; x_wconf 90' lang='lat' dir='ltr'>vel</span> <span class='ocrx_word' id='word_1_119' title='bbox 803 1061 986 1092; x_wconf 89' lang='lat' dir='ltr'>secundum</span> <span class='ocrx_word' id='word_1_120' title='bbox 1009 1061 1181 1102; x_wconf 87' lang='lat' dir='ltr'>malitiam,</span> 
     </span>
     <span class='ocr_line' id='line_1_19' title="bbox 61 1120 1180 1167; baseline 0.001 -13"><span class='ocrx_word' id='word_1_121' title='bbox 61 1135 130 1154; x_wconf 88' lang='lat' dir='ltr'>non</span> <span class='ocrx_word' id='word_1_122' title='bbox 167 1134 204 1154; x_wconf 86' lang='lat' dir='ltr'>ex</span> <span class='ocrx_word' id='word_1_123' title='bbox 243 1121 459 1165; x_wconf 75' lang='lat' dir='ltr'>dispensantis</span> <span class='ocrx_word' id='word_1_124' title='bbox 490 1120 725 1165; x_wconf 76' lang='lat' dir='ltr'>inaequalitate</span> <span class='ocrx_word' id='word_1_125' title='bbox 756 1121 967 1155; x_wconf 85' lang='lat' dir='ltr'>descendere.</span> <span class='ocrx_word' id='word_1_126' title='bbox 1014 1124 1081 1156; x_wconf 85' lang='lat' dir='ltr'>Sed</span> <span class='ocrx_word' id='word_1_127' title='bbox 1112 1136 1180 1167; x_wconf 86' lang='lat' dir='ltr'>quo</span> 
     </span>
     <span class='ocr_line' id='line_1_20' title="bbox 61 1182 1180 1224; baseline 0 -8"><span class='ocrx_word' id='word_1_128' title='bbox 61 1183 191 1216; x_wconf 83' lang='lat' dir='ltr'>facilius</span> <span class='ocrx_word' id='word_1_129' title='bbox 225 1183 304 1215; x_wconf 86' lang='lat' dir='ltr'>baec</span> <span class='ocrx_word' id='word_1_130' title='bbox 328 1182 372 1215; x_wconf 85' lang='lat' dir='ltr'>ita</span> <span class='ocrx_word' id='word_1_131' title='bbox 405 1195 473 1214; x_wconf 87' lang='lat' dir='ltr'>esse</span> <span class='ocrx_word' id='word_1_132' title='bbox 504 1183 537 1214; x_wconf 86' lang='lat' dir='ltr'>in</span> <span class='ocrx_word' id='word_1_133' title='bbox 563 1182 762 1214; x_wconf 82' lang='lat' dir='ltr'>coelestibus</span> <span class='ocrx_word' id='word_1_134' title='bbox 786 1192 1018 1224; x_wconf 83' lang='lat' dir='ltr'>agnoscantur,</span> <span class='ocrx_word' id='word_1_135' title='bbox 1054 1185 1094 1216; x_wconf 89' lang='lat' dir='ltr'>de</span> <span class='ocrx_word' id='word_1_136' title='bbox 1119 1184 1180 1224; x_wconf 83' lang='lat' dir='ltr'>his,</span> 
     </span>
     <span class='ocr_line' id='line_1_21' title="bbox 62 1244 1180 1289; baseline 0 -12"><span class='ocrx_word' id='word_1_137' title='bbox 62 1258 147 1289; x_wconf 81' lang='lat' dir='ltr'>quae</span> <span class='ocrx_word' id='word_1_138' title='bbox 171 1245 258 1277; x_wconf 87' lang='lat' dir='ltr'>inter</span> <span class='ocrx_word' id='word_1_139' title='bbox 280 1244 430 1276; x_wconf 88' lang='lat' dir='ltr'>homines</span> <span class='ocrx_word' id='word_1_140' title='bbox 454 1253 541 1285; x_wconf 79' lang='lat' dir='ltr'>gesta</span> <span class='ocrx_word' id='word_1_141' title='bbox 566 1253 658 1283; x_wconf 86' lang='lat' dir='ltr'>sunt,</span> <span class='ocrx_word' id='word_1_142' title='bbox 689 1244 739 1276; x_wconf 91' lang='lat' dir='ltr'>vel</span> <span class='ocrx_word' id='word_1_143' title='bbox 764 1253 940 1285; x_wconf 81' lang='lat' dir='ltr'>geruntur,</span> <span class='ocrx_word' id='word_1_144' title='bbox 971 1246 1180 1289; x_wconf 83' lang='lat' dir='ltr'>proferamus</span> 
     </span>
     <span class='ocr_line' id='line_1_22' title="bbox 62 1305 1180 1350; baseline 0.001 -12"><span class='ocrx_word' id='word_1_145' title='bbox 62 1306 231 1350; x_wconf 84' lang='lat' dir='ltr'>exempla,</span> <span class='ocrx_word' id='word_1_146' title='bbox 261 1315 298 1338; x_wconf 92' lang='lat' dir='ltr'>ut</span> <span class='ocrx_word' id='word_1_147' title='bbox 330 1314 571 1349; x_wconf 86' lang='lat' dir='ltr'>consequenter</span> <span class='ocrx_word' id='word_1_148' title='bbox 601 1318 638 1337; x_wconf 85' lang='lat' dir='ltr'>ex</span> <span class='ocrx_word' id='word_1_149' title='bbox 669 1305 854 1337; x_wconf 84' lang='lat' dir='ltr'>visibilibus</span> <span class='ocrx_word' id='word_1_150' title='bbox 880 1306 977 1338; x_wconf 88' lang='lat' dir='ltr'>etiam</span> <span class='ocrx_word' id='word_1_151' title='bbox 1002 1306 1180 1339; x_wconf 87' lang='lat' dir='ltr'>invisibilia</span> 
     </span>
     <span class='ocr_line' id='line_1_23' title="bbox 61 1367 382 1412; baseline -0.003 -12"><span class='ocrx_word' id='word_1_152' title='bbox 61 1367 336 1412; x_wconf 88' lang='lat' dir='ltr'>contemplemur.</span> <span class='ocrx_word' id='word_1_153' title='bbox 351 1367 382 1410; x_wconf 82' lang='lat'>⁵)</span> 
     </span>
    </p>

    <p class='ocr_par' dir='ltr' id='par_1_5' title="bbox 59 1428 1179 1658">
     <span class='ocr_line' id='line_1_24' title="bbox 149 1428 1179 1473; baseline 0 -12"><span class='ocrx_word' id='word_1_154' title='bbox 149 1428 290 1461; x_wconf 86' lang='lat' dir='ltr'>Paulum</span> <span class='ocrx_word' id='word_1_155' title='bbox 322 1428 375 1460; x_wconf 91' lang='lat' dir='ltr'>vel</span> <span class='ocrx_word' id='word_1_156' title='bbox 400 1428 536 1460; x_wconf 87' lang='lat' dir='ltr'>Petrum</span> <span class='ocrx_word' id='word_1_157' title='bbox 560 1428 629 1460; x_wconf 89' lang='lat' dir='ltr'>sine</span> <span class='ocrx_word' id='word_1_158' title='bbox 659 1428 760 1462; x_wconf 85' lang='lat' dir='ltr'>dubio</span> <span class='ocrx_word' id='word_1_159' title='bbox 792 1428 973 1473; x_wconf 83' lang='lat' dir='ltr'>spiritualis</span> <span class='ocrx_word' id='word_1_160' title='bbox 996 1430 1179 1473; x_wconf 69' lang='lat' dir='ltr'>naturaess)</span> 
     </span>
     <span class='ocr_line' id='line_1_25' title="bbox 59 1489 1179 1535; baseline 0 -12"><span class='ocrx_word' id='word_1_161' title='bbox 59 1490 159 1523; x_wconf 77' lang='lat' dir='ltr'>fuisse</span> <span class='ocrx_word' id='word_1_162' title='bbox 202 1490 407 1523; x_wconf 77' lang='lat' dir='ltr'>confirmant.</span> <span class='ocrx_word' id='word_1_163' title='bbox 471 1489 556 1521; x_wconf 87' lang='lat' dir='ltr'>Cum</span> <span class='ocrx_word' id='word_1_164' title='bbox 596 1502 673 1531; x_wconf 87' lang='lat' dir='ltr'>ergo</span> <span class='ocrx_word' id='word_1_165' title='bbox 713 1499 826 1523; x_wconf 85' lang='lat' dir='ltr'>contra</span> <span class='ocrx_word' id='word_1_166' title='bbox 868 1490 1026 1535; x_wconf 85' lang='lat' dir='ltr'>pietatem</span> <span class='ocrx_word' id='word_1_167' title='bbox 1057 1492 1179 1524; x_wconf 87' lang='lat' dir='ltr'>Paulus</span> 
     </span>
     <span class='ocr_line' id='line_1_26' title="bbox 60 1552 1177 1596; baseline -0.001 -11"><span class='ocrx_word' id='word_1_168' title='bbox 60 1553 162 1595; x_wconf 86' lang='lat' dir='ltr'>egisse</span> <span class='ocrx_word' id='word_1_169' title='bbox 192 1552 395 1594; x_wconf 79' lang='lat' dir='ltr'>inveniatur,</span> <span class='ocrx_word' id='word_1_170' title='bbox 437 1553 470 1585; x_wconf 84' lang='lat' dir='ltr'>in</span> <span class='ocrx_word' id='word_1_171' title='bbox 497 1565 554 1592; x_wconf 90' lang='lat' dir='ltr'>eo,</span> <span class='ocrx_word' id='word_1_172' title='bbox 586 1552 676 1596; x_wconf 89' lang='lat' dir='ltr'>quod</span> <span class='ocrx_word' id='word_1_173' title='bbox 708 1561 902 1596; x_wconf 82' lang='lat' dir='ltr'>persecutus</span> <span class='ocrx_word' id='word_1_174' title='bbox 934 1562 982 1585; x_wconf 86' lang='lat' dir='ltr'>est</span> <span class='ocrx_word' id='word_1_175' title='bbox 1006 1553 1177 1585; x_wconf 78' lang='lat' dir='ltr'>ecclesiam</span> 
     </span>
     <span class='ocr_line' id='line_1_27' title="bbox 59 1613 1178 1658; baseline 0 -12"><span class='ocrx_word' id='word_1_176' title='bbox 59 1613 143 1654; x_wconf 79' lang='lat' dir='ltr'>Dei3</span> <span class='ocrx_word' id='word_1_177' title='bbox 182 1627 325 1658; x_wconf 85' lang='lat' dir='ltr'>cumque</span> <span class='ocrx_word' id='word_1_178' title='bbox 349 1615 466 1647; x_wconf 88' lang='lat' dir='ltr'>Petrus</span> <span class='ocrx_word' id='word_1_179' title='bbox 496 1622 670 1658; x_wconf 86' lang='lat' dir='ltr'>peccatum</span> <span class='ocrx_word' id='word_1_180' title='bbox 699 1613 811 1657; x_wconf 84' lang='lat' dir='ltr'>tam7)</span> <span class='ocrx_word' id='word_1_181' title='bbox 843 1626 940 1655; x_wconf 86' lang='lat' dir='ltr'>grave</span> <span class='ocrx_word' id='word_1_182' title='bbox 965 1614 1178 1653; x_wconf 81' lang='lat' dir='ltr'>commiserit,</span> 
     </span>
    </p>
   </div>
   <div class='ocr_carea' id='block_1_5' title="bbox 61 1674 1177 1719">
    <p class='ocr_par' dir='ltr' id='par_1_6' title="bbox 61 1674 1177 1719">
     <span class='ocr_line' id='line_1_28' title="bbox 61 1674 1177 1719; baseline 0 -12"><span class='ocrx_word' id='word_1_183' title='bbox 61 1684 98 1707; x_wconf 93' lang='lat' dir='ltr'>ut</span> <span class='ocrx_word' id='word_1_184' title='bbox 129 1675 247 1708; x_wconf 82' lang='lat' dir='ltr'>ancilla</span> <span class='ocrx_word' id='word_1_185' title='bbox 279 1675 411 1708; x_wconf 87' lang='lat' dir='ltr'>ostiaria</span> <span class='ocrx_word' id='word_1_186' title='bbox 442 1677 666 1717; x_wconf 85' lang='lat' dir='ltr'>interrogante</span> <span class='ocrx_word' id='word_1_187' title='bbox 688 1675 785 1719; x_wconf 80' lang='lat' dir='ltr'>se,⁸)</span> <span class='ocrx_word' id='word_1_188' title='bbox 811 1688 885 1707; x_wconf 89' lang='lat' dir='ltr'>cum</span> <span class='ocrx_word' id='word_1_189' title='bbox 916 1674 1102 1719; x_wconf 79' lang='lat' dir='ltr'>juramento</span> <span class='ocrx_word' id='word_1_190' title='bbox 1128 1676 1177 1707; x_wconf 83' lang='lat' dir='ltr'>as-</span> 
     </span>
    </p>
   </div>
   <div class='ocr_carea' id='block_1_6' title="bbox 63 1748 213 1755">
    <p class='ocr_par' dir='ltr' id='par_1_7' title="bbox 63 1748 213 1755">
     <span class='ocr_line' id='line_1_29' title="bbox 63 1748 213 1755; baseline 0 0"><span class='ocrx_word' id='word_1_191' title='bbox 63 1748 213 1755; x_wconf 95' lang='lat' dir='ltr'> </span> 
     </span>
    </p>
   </div>
   <div class='ocr_carea' id='block_1_7' title="bbox 155 1749 607 1814">
    <p class='ocr_par' dir='ltr' id='par_1_8' title="bbox 155 1749 607 1814">
     <span class='ocr_line' id='line_1_30' title="bbox 155 1749 607 1814; baseline -0.002 -11"><span class='ocrx_word' id='word_1_192' title='bbox 155 1770 186 1814; x_wconf 90' lang='lat'>¹)</span> <span class='ocrx_word' id='word_1_193' title='bbox 210 1749 347 1804; x_wconf 60' lang='lat' dir='ltr'>Essvl.</span> <span class='ocrx_word' id='word_1_194' title='bbox 374 1772 398 1804; x_wconf 92' lang='lat'>1.</span> <span class='ocrx_word' id='word_1_195' title='bbox 427 1772 488 1812; x_wconf 76' lang='lat' dir='ltr'>„ab</span> <span class='ocrx_word' id='word_1_196' title='bbox 512 1771 607 1804; x_wconf 84' lang='lat' dir='ltr'>hoc.«</span> 
     </span>
    </p>
   </div>
   <div class='ocr_carea' id='block_1_8' title="bbox 56 1825 1176 1912">
    <p class='ocr_par' dir='ltr' id='par_1_9' title="bbox 56 1825 1176 1912">
     <span class='ocr_line' id='line_1_31' title="bbox 150 1825 1176 1871; baseline 0.001 -12"><span class='ocrx_word' id='word_1_197' title='bbox 150 1825 185 1869; x_wconf 75' lang='lat'>²)</span> <span class='ocrx_word' id='word_1_198' title='bbox 210 1826 266 1859; x_wconf 88' lang='lat' dir='ltr'>Sic</span> <span class='ocrx_word' id='word_1_199' title='bbox 290 1827 369 1859; x_wconf 86' lang='lat' dir='ltr'>Mss.</span> <span class='ocrx_word' id='word_1_200' title='bbox 393 1827 485 1859; x_wconf 84' lang='lat' dir='ltr'>Editi</span> <span class='ocrx_word' id='word_1_201' title='bbox 516 1839 593 1859; x_wconf 89' lang='lat' dir='ltr'>vero</span> <span class='ocrx_word' id='word_1_202' title='bbox 620 1829 666 1871; x_wconf 87' lang='lat' dir='ltr'>(v.</span> <span class='ocrx_word' id='word_1_203' title='bbox 693 1840 719 1859; x_wconf 91' lang='lat' dir='ltr'>c.</span> <span class='ocrx_word' id='word_1_204' title='bbox 745 1826 820 1858; x_wconf 87' lang='lat' dir='ltr'>edd.</span> <span class='ocrx_word' id='word_1_205' title='bbox 846 1826 910 1870; x_wconf 85' lang='lat' dir='ltr'>M.)</span> <span class='ocrx_word' id='word_1_206' title='bbox 939 1836 991 1867; x_wconf 89' lang='lat' dir='ltr'>„et</span> <span class='ocrx_word' id='word_1_207' title='bbox 1011 1839 1105 1859; x_wconf 83' lang='lat' dir='ltr'>causa</span> <span class='ocrx_word' id='word_1_208' title='bbox 1130 1837 1176 1860; x_wconf 81' lang='lat' dir='ltr'>ta-</span> 
     </span>
     <span class='ocr_line' id='line_1_32' title="bbox 56 1870 490 1912; baseline 0.005 -9"><span class='ocrx_word' id='word_1_209' title='bbox 56 1884 133 1903; x_wconf 90' lang='lat' dir='ltr'>men</span> <span class='ocrx_word' id='word_1_210' title='bbox 158 1889 201 1896; x_wconf 92' lang='lat'>—</span> <span class='ocrx_word' id='word_1_211' title='bbox 224 1870 424 1912; x_wconf 67' lang='lat' dir='ltr'>ignoratum&lt;</span> <span class='ocrx_word' id='word_1_212' title='bbox 451 1873 490 1905; x_wconf 86' lang='lat' dir='ltr'>R.</span> 
     </span>
    </p>
   </div>
   <div class='ocr_carea' id='block_1_9' title="bbox 150 1926 1127 1971">
    <p class='ocr_par' dir='ltr' id='par_1_10' title="bbox 150 1926 1127 1971">
     <span class='ocr_line' id='line_1_33' title="bbox 150 1926 1127 1971; baseline 0.002 -13"><span class='ocrx_word' id='word_1_213' title='bbox 150 1927 183 1970; x_wconf 88' lang='lat'>³)</span> <span class='ocrx_word' id='word_1_214' title='bbox 209 1926 272 1958; x_wconf 88' lang='lat' dir='ltr'>Ed.</span> <span class='ocrx_word' id='word_1_215' title='bbox 297 1927 344 1959; x_wconf 88' lang='lat' dir='ltr'>M.</span> <span class='ocrx_word' id='word_1_216' title='bbox 371 1927 395 1961; x_wconf 86' lang='lat' dir='ltr'>l.</span> <span class='ocrx_word' id='word_1_217' title='bbox 422 1927 542 1959; x_wconf 82' lang='lat' dir='ltr'>»aliis.«</span> <span class='ocrx_word' id='word_1_218' title='bbox 669 1927 702 1971; x_wconf 71' lang='lat'>⁴²)</span> <span class='ocrx_word' id='word_1_219' title='bbox 727 1927 789 1961; x_wconf 85' lang='lat' dir='ltr'>Ed.</span> <span class='ocrx_word' id='word_1_220' title='bbox 813 1927 861 1960; x_wconf 83' lang='lat' dir='ltr'>M.</span> <span class='ocrx_word' id='word_1_221' title='bbox 887 1927 911 1958; x_wconf 88' lang='lat' dir='ltr'>I.</span> <span class='ocrx_word' id='word_1_222' title='bbox 939 1927 1127 1967; x_wconf 85' lang='lat' dir='ltr'>„aestimo.«</span> 
     </span>
    </p>
   </div>
   <div class='ocr_carea' id='block_1_10' title="bbox 57 1982 1172 2071">
    <p class='ocr_par' dir='ltr' id='par_1_11' title="bbox 57 1982 1172 2071">
     <span class='ocr_line' id='line_1_34' title="bbox 149 1982 1172 2027; baseline 0.003 -14"><span class='ocrx_word' id='word_1_223' title='bbox 149 1984 181 2026; x_wconf 75' lang='lat'>⁵)</span> <span class='ocrx_word' id='word_1_224' title='bbox 208 1982 256 2013; x_wconf 88' lang='lat' dir='ltr'>Ita</span> <span class='ocrx_word' id='word_1_225' title='bbox 285 1982 364 2016; x_wconf 86' lang='lat' dir='ltr'>Mss.</span> <span class='ocrx_word' id='word_1_226' title='bbox 397 1982 525 2026; x_wconf 86' lang='lat' dir='ltr'>(itemq.</span> <span class='ocrx_word' id='word_1_227' title='bbox 552 1983 605 2016; x_wconf 89' lang='lat' dir='ltr'>ed.</span> <span class='ocrx_word' id='word_1_228' title='bbox 639 1983 686 2016; x_wconf 87' lang='grc' dir='ltr'>Μ.</span> <span class='ocrx_word' id='word_1_229' title='bbox 711 1982 769 2027; x_wconf 89' lang='lat' dir='ltr'>ll.)</span> <span class='ocrx_word' id='word_1_230' title='bbox 802 1982 890 2015; x_wconf 82' lang='lat' dir='ltr'>Alias</span> <span class='ocrx_word' id='word_1_231' title='bbox 921 1984 967 2027; x_wconf 89' lang='lat' dir='ltr'>(V.</span> <span class='ocrx_word' id='word_1_232' title='bbox 1002 1997 1029 2017; x_wconf 92' lang='lat' dir='ltr'>c.</span> <span class='ocrx_word' id='word_1_233' title='bbox 1063 1983 1095 2015; x_wconf 90' lang='lat' dir='ltr'>in</span> <span class='ocrx_word' id='word_1_234' title='bbox 1121 1984 1172 2016; x_wconf 89' lang='lat' dir='ltr'>ed.</span> 
     </span>
     <span class='ocr_line' id='line_1_35' title="bbox 57 2027 584 2071; baseline 0.002 -12"><span class='ocrx_word' id='word_1_235' title='bbox 57 2028 105 2061; x_wconf 84' lang='lat' dir='ltr'>M.</span> <span class='ocrx_word' id='word_1_236' title='bbox 130 2028 171 2071; x_wconf 92' lang='lat' dir='ltr'>l.)</span> <span class='ocrx_word' id='word_1_237' title='bbox 200 2027 520 2071; x_wconf 67' lang='lat' dir='ltr'>»contemplentun«</span> <span class='ocrx_word' id='word_1_238' title='bbox 547 2028 584 2060; x_wconf 81' lang='lat' dir='ltr'>R.</span> 
     </span>
    </p>
   </div>
   <div class='ocr_carea' id='block_1_11' title="bbox 54 2081 1171 2171">
    <p class='ocr_par' dir='ltr' id='par_1_12' title="bbox 54 2081 1171 2171">
     <span class='ocr_line' id='line_1_36' title="bbox 147 2081 1171 2126; baseline 0.002 -13"><span class='ocrx_word' id='word_1_239' title='bbox 147 2083 180 2125; x_wconf 66' lang='grc' dir='ltr'>θ)</span> <span class='ocrx_word' id='word_1_240' title='bbox 206 2081 298 2113; x_wconf 88' lang='lat' dir='ltr'>Libri</span> <span class='ocrx_word' id='word_1_241' title='bbox 332 2082 413 2114; x_wconf 88' lang='lat' dir='ltr'>editi</span> <span class='ocrx_word' id='word_1_242' title='bbox 446 2083 494 2126; x_wconf 72' lang='lat' dir='ltr'>(v,</span> <span class='ocrx_word' id='word_1_243' title='bbox 524 2095 551 2114; x_wconf 88' lang='lat' dir='ltr'>c.</span> <span class='ocrx_word' id='word_1_244' title='bbox 582 2083 660 2116; x_wconf 86' lang='lat' dir='ltr'>edd.</span> <span class='ocrx_word' id='word_1_245' title='bbox 684 2084 746 2126; x_wconf 83' lang='lat' dir='ltr'>M.)</span> <span class='ocrx_word' id='word_1_246' title='bbox 779 2093 932 2124; x_wconf 84' lang='lat' dir='ltr'>„naturae</span> <span class='ocrx_word' id='word_1_247' title='bbox 965 2083 1171 2115; x_wconf 82' lang='lat' dir='ltr'>confirmant.</span> 
     </span>
     <span class='ocr_line' id='line_1_37' title="bbox 54 2127 1169 2171; baseline 0.001 -12"><span class='ocrx_word' id='word_1_248' title='bbox 54 2127 140 2160; x_wconf 88' lang='lat' dir='ltr'>Cum</span> <span class='ocrx_word' id='word_1_249' title='bbox 165 2140 242 2168; x_wconf 85' lang='lat' dir='ltr'>ergo</span> <span class='ocrx_word' id='word_1_250' title='bbox 267 2129 373 2159; x_wconf 78' lang='lat' dir='ltr'>multa</span> <span class='ocrx_word' id='word_1_251' title='bbox 396 2136 510 2159; x_wconf 89' lang='lat' dir='ltr'>contra</span> <span class='ocrx_word' id='word_1_252' title='bbox 534 2127 713 2171; x_wconf 82' lang='lat' dir='ltr'>pietatem“</span> <span class='ocrx_word' id='word_1_253' title='bbox 740 2138 802 2162; x_wconf 88' lang='lat' dir='ltr'>etc.</span> <span class='ocrx_word' id='word_1_254' title='bbox 834 2129 912 2161; x_wconf 82' lang='lat' dir='ltr'>Mss.</span> <span class='ocrx_word' id='word_1_255' title='bbox 937 2137 974 2160; x_wconf 91' lang='lat' dir='ltr'>ut</span> <span class='ocrx_word' id='word_1_256' title='bbox 998 2129 1030 2160; x_wconf 89' lang='lat' dir='ltr'>in</span> <span class='ocrx_word' id='word_1_257' title='bbox 1055 2138 1169 2161; x_wconf 82' lang='lat' dir='ltr'>nostro</span> 
     </span>
    </p>
   </div>
   <div class='ocr_carea' id='block_1_12' title="bbox 55 2171 742 2326">
    <p class='ocr_par' dir='ltr' id='par_1_13' title="bbox 55 2171 742 2326">
     <span class='ocr_line' id='line_1_38' title="bbox 55 2171 602 2207; baseline 0 -3"><span class='ocrx_word' id='word_1_258' title='bbox 55 2181 154 2204; x_wconf 83' lang='lat' dir='ltr'>textu.</span> <span class='ocrx_word' id='word_1_259' title='bbox 180 2173 220 2205; x_wconf 81' lang='lat' dir='ltr'>R.</span> <span class='ocrx_word' id='word_1_260' title='bbox 241 2192 284 2195; x_wconf 96' lang='lat'><strong>—</strong></span> <span class='ocrx_word' id='word_1_261' title='bbox 309 2173 378 2205; x_wconf 82' lang='lat' dir='ltr'>Csr.</span> <span class='ocrx_word' id='word_1_262' title='bbox 403 2172 477 2206; x_wconf 78' lang='lat' dir='ltr'>Gal.</span> <span class='ocrx_word' id='word_1_263' title='bbox 501 2173 525 2207; x_wconf 87' lang='grc' dir='ltr'>Ι.</span> <span class='ocrx_word' id='word_1_264' title='bbox 552 2171 602 2206; x_wconf 84' lang='grc'>13.</span> 
     </span>
     <span class='ocr_line' id='line_1_39' title="bbox 148 2228 671 2271; baseline 0.004 -12"><span class='ocrx_word' id='word_1_265' title='bbox 148 2228 179 2271; x_wconf 88' lang='lat'>7)</span> <span class='ocrx_word' id='word_1_266' title='bbox 205 2228 308 2260; x_wconf 81' lang='lat' dir='ltr'>Deest</span> <span class='ocrx_word' id='word_1_267' title='bbox 336 2237 441 2260; x_wconf 80' lang='lat' dir='ltr'>»tam«</span> <span class='ocrx_word' id='word_1_268' title='bbox 467 2228 499 2259; x_wconf 89' lang='lat' dir='ltr'>in</span> <span class='ocrx_word' id='word_1_269' title='bbox 525 2228 599 2261; x_wconf 87' lang='lat' dir='ltr'>edd.</span> <span class='ocrx_word' id='word_1_270' title='bbox 625 2228 671 2261; x_wconf 83' lang='lat' dir='ltr'>M.</span> 
     </span>
     <span class='ocr_line' id='line_1_40' title="bbox 144 2283 742 2326; baseline -0.002 -11"><span class='ocrx_word' id='word_1_271' title='bbox 144 2284 177 2326; x_wconf 74' lang='lat'>⁸)</span> <span class='ocrx_word' id='word_1_272' title='bbox 203 2283 270 2316; x_wconf 78' lang='lat' dir='ltr'>Cfr.</span> <span class='ocrx_word' id='word_1_273' title='bbox 296 2284 414 2316; x_wconf 77' lang='lat' dir='ltr'>Mattli.</span> <span class='ocrx_word' id='word_1_274' title='bbox 438 2284 568 2322; x_wconf 81' lang='lat' dir='ltr'>XXVl,</span> <span class='ocrx_word' id='word_1_275' title='bbox 590 2284 742 2318; x_wconf 67' lang='lat'>(39—72.</span> 
     </span>
    </p>
   </div>
  </div>
 </body>
</html>
