1404 2463
398 103 444 125 DE
473 93 661 125 PfflNcwllS
688 92 796 125 tuma
822 93 847 125 Ι.
1119 91 1181 125 119

63 192 205 223 corpore
230 181 326 212 simul
353 182 426 213 ficta
443 183 473 225 ¹)
498 181 605 214 anima
630 181 797 213 videbitur
822 180 902 224 ejus,
927 181 983 224 qui
1007 181 1040 212 in
1065 190 1177 212 ventre

60 254 156 274 suum
180 242 316 274 fratrem
341 242 582 286 supplantavit,
616 242 649 274 id
674 250 722 274 est
743 240 875 274 Jacob?
911 242 980 272 Aut
1003 242 1176 285 quomodo

59 301 158 334 simul
184 315 258 334 cum
284 316 427 347 corpore
451 303 524 336 ficta
539 304 572 346 ²)
604 312 652 335 est
674 301 800 341 anima,
829 301 879 333 vel
910 302 1070 346 plasmata
1096 301 1176 346 ejus.

60 363 128 407 qui,
151 363 258 396 adhuc
288 364 320 396 iu
353 374 466 396 ventre
497 363 610 396 matris
634 365 758 405 suae3)
784 362 932 407 positus,
954 363 1101 407 repletus
1126 372 1175 395 est

58 425 187 469 Spiritu
210 426 348 460 sancto?
380 426 544 458 Joannem
568 425 644 457 dico
664 424 904 469 tripudiantem
928 423 961 456 iu
985 434 1082 456 utero
1107 438 1175 456 ma-

57 486 133 526 tris,
165 486 241 532 et⁴)
273 500 390 529 magna
418 501 453 520 se
478 486 696 519 exsultatione
719 485 896 531 jactantem
919 498 981 530 pro
1006 498 1059 525 eo,
1082 486 1173 530 quod

55 547 261 580 salutationis
285 561 347 580 vox
374 548 500 582 Mariae
524 549 565 580 ad
589 561 683 580 aures
704 546 879 579 Elizabeth
894 558 970 578 suae
986 546 1100 579 matris
1114 547 1173 578 ad-

56 619 198 642 venerat.
246 609 431 652 Quomodo
456 623 531 642 cuin
557 622 700 654 corpore
720 608 819 640 simul
836 607 959 652 ficta⁵)
984 617 1030 640 est
1046 616 1079 639 et
1101 607 1171 651 pla-

54 680 156 703 smata
181 670 279 703 etiam
304 670 394 703 illius
418 670 536 710 anima,
560 670 617 715 qui
636 679 813 714 antequam
837 668 869 701 in
894 678 990 701 utero
1011 669 1172 701 formare-

54 741 118 771 tur,
139 741 239 764 notus
263 745 333 765 esse
355 733 431 765 Deo
457 732 588 771 dicitur,
614 741 647 764 et
669 740 845 775 antequam
871 731 912 763 de
936 731 1034 762 vulva
1049 743 1170 775 proce-

54 793 159 833 deret,
182 793 402 826 sanctificatus
428 803 477 826 est
500 795 540 826 ab
565 793 632 827 eo?
667 794 717 825 Ne
742 793 830 823 forte
853 804 921 824 non
944 791 1083 837 judicio,
1106 804 1169 824 nec

53 867 117 899 pro
140 855 268 888 meritis
291 855 422 899 replere
445 855 576 900 aliquos
600 855 692 887 Deus
716 854 868 886 videatur
891 853 1020 898 Spiritu
1042 862 1169 893 sancto,

53 925 88 948 et
110 916 314 949 sanctificare
337 930 405 949 non
428 917 562 952 merito.
607 917 651 948 Et
667 916 840 960 quomodo
859 915 1057 957 effugiemus
1077 913 1170 947 illam

54 990 184 1017 vocem,
210 990 292 1021 quae
317 977 377 1010 ait:
404 977 642 1022 ‚,Numquid⁶)
666 975 826 1022 injustitia
851 985 899 1008 est
921 977 1010 1020 apud
1034 976 1169 1009 Deum?

53 1039 179 1072 Absit.“
228 1039 290 1070 Vel
314 1038 417 1070 illud:
443 1038 634 1082 „Numquid
650 1039 682 1081 ⁷)
706 1050 921 1082 personarum
945 1037 1095 1081 acceptio
1121 1046 1169 1070 est

53 1100 143 1143 apud
167 1100 329 1133 Deum?“
377 1100 452 1132 Hoc
481 1100 569 1132 enim
595 1099 810 1144 consequitur
833 1112 904 1131 eam
928 1098 1168 1139 defensionem,

54 1161 184 1205 quaeff’)
216 1159 339 1192 animas
369 1161 547 1194 subsistere
574 1161 674 1194 simul
707 1175 781 1193 cum
816 1160 1013 1204 corporibus
1039 1173 1167 1192 asseve-

53 1230 114 1254 rat.
161 1221 378 1266 Quantum9)
415 1235 492 1264 ergo
530 1235 568 1255 ex
603 1222 852 1266 comparatione
895 1221 1028 1253 humani
1064 1231 1166 1254 status

148 1334 178 1375 Ι)
203 1333 260 1366 Sic
286 1334 364 1366 Mss.
397 1333 487 1366 Alias
517 1334 563 1377 (v.
588 1347 616 1366 c.
639 1333 671 1365 in
698 1333 772 1365 cdd.
799 1332 863 1376 M.)
898 1334 1035 1374 „facta.“
1061 1335 1100 1368 R.
1126 1355 1165 1360 ——

53 1377 121 1411 Csr.
147 1378 233 1410 Gen.
258 1379 366 1418 XXV,
389 1378 441 1412 22.
465 1392 557 1423 seqq.

143 1434 177 1477 ²)
200 1433 255 1466 Sic
281 1434 358 1466 Mss.
385 1434 472 1466 Alias
497 1435 542 1479 (v,
568 1448 595 1468 c.
618 1434 652 1466 in
677 1434 751 1466 cdd.
777 1433 884 1476 M.„)
890 1434 1004 1467 facta“
1029 1435 1069 1468 R.

142 1489 175 1528 ³)
200 1488 257 1522 Sic
281 1489 360 1523 Mss.
385 1489 514 1534 (itemq.
540 1491 592 1523 ed.
616 1491 666 1524 M.
687 1490 744 1531 ΙΙ.)
770 1489 861 1521 Libri
885 1489 965 1522 editi
990 1490 1035 1534 (ν.
1061 1503 1087 1522 c.
1113 1492 1164 1523 ed.

54 1533 102 1567 M.
128 1534 169 1577 l.)
195 1533 318 1578 „ejus.“
344 1535 383 1567 R
408 1555 449 1559 —
475 1535 542 1568 Cffr.
567 1537 647 1569 Luc.
672 1536 697 1574 I,
721 1535 774 1568 41.

145 1588 374 1632 ⁴)Sic1Mss.
408 1590 500 1622 Libri
535 1591 615 1624 editi
648 1591 696 1634 (.v
722 1603 747 1623 c.
773 1591 848 1622 edd.
873 1591 938 1633 M.)
973 1599 1026 1632 „et
1049 1603 1165 1632 magua

55 1634 272 1667 exsultatione
295 1635 510 1676 gaudentem,
541 1646 573 1668 et
601 1649 635 1668 se
660 1636 835 1680 jaetantem
859 1648 921 1679 pro
947 1639 1009 1666 eo“
1035 1645 1097 1668 etc.
1124 1637 1163 1668 R.

55 1699 95 1704 —-
121 1679 190 1712 Cfr.
213 1679 292 1712 Luc.
317 1681 342 1720 Ι,
365 1680 418 1713 41.

145 1735 177 1777 ⁵)
202 1734 258 1768 Sic
287 1736 367 1770 Mss.
396 1735 487 1769 Alias
517 1737 564 1779 (v.
590 1749 616 1768 c.
641 1736 675 1769 in
700 1737 774 1768 edd.
798 1736 863 1779 Μ.)
894 1737 1032 1776 „facta.“
1057 1737 1097 1768 R.
1122 1757 1164 1761 —

56 1779 125 1813 Cfr.
148 1780 271 1811 Jerem.
298 1781 323 1819 l,
346 1782 377 1814 5.
469 1783 502 1825 ὃ)
527 1782 624 1814 Rom.
654 1782 710 1820 ΙΧ,
738 1782 788 1815 14.

147 1834 180 1878 ⁷>
205 1835 272 1869 cfr.
296 1837 394 1868 Rom.
418 1836 460 1877 11,
486 1838 537 1871 11.

146 1892 180 1932 ε’)
203 1891 288 1923 Edd.
314 1892 360 1924 Μ.
386 1905 469 1936 „qua
493 1893 616 1926 animas
641 1913 682 1918 —-
705 1896 938 1925 asseveratur.“

146 1946 178 1989 ⁹)
205 1947 331 1979 Graece
354 1947 434 1979 haec
456 1957 581 1981 exstant
603 1949 637 1981 in
661 1950 750 1980 calce
783 1948 878 1992 epist.
902 1948 1077 1980 Justiniani
1100 1950 1166 1983 lm-

55 2001 200 2036 perator.
224 1992 265 2023 ad
290 1992 446 2025 Mennam
469 1993 649 2027 patriarch.
674 1993 843 2027 Constant.
869 1993 997 2037 (Mansi
1019 1993 1164 2039 ampliss.

57 2037 187 2068 collect.
213 2036 393 2069 concilior.
418 2037 515 2070 Tom.
540 2039 614 2083 IX.)
638 2051 710 2083 pag.
735 2038 808 2073 532
847 2037 922 2073 e'Oct
946 2039 986 2074 δὲ
1008 2046 1165 2084 πρεσβυ-

58 2087 138 2125 τέρα
162 2080 182 2123 ἡ
210 2081 306 2126 ψυχὴ
339 2085 398 2115 τοῦ
430 2082 531 2124 ἡλίου
563 2085 622 2126 τῆς
650 2085 819 2123 ἐνθέσεως
842 2083 950 2120 αὐτοῦ
973 2088 1039 2141 τῆς,
1056 2090 1104 2124 εις
1127 2086 1166 2121 τὸ

57 2130 183 2170 σῶμα,
218 2127 315 2180 μετὰ
339 2127 377 2161 τὸ
401 2130 690 2182 συλλογίσασθαι
717 2130 756 2163 ἐκ
780 2133 996 2175 συγκρίσεως
1020 2131 1168 2176 ἀνθρω-

56 2186 128 2218 npv
161 2174 220 2214 τῆς
248 2171 337 2215 πρὸς
367 2172 489 2215 αὐτὸν,
522 2177 582 2206 καὶ
613 2175 780 2208 ἐντεῦθεν
807 2176 882 2209 ἀπὸ
914 2177 984 2208 τῶν
1013 2179 1167 2221 ummah

59 2220 160 2251 oium
184 2218 371 2256 ἀποδεῖξαι
395 2217 645 2252 duvc209a1.R.
670 2238 712 2244 -
736 2220 803 2252 Cfr.
830 2221 879 2253 ed.
894 2221 1020 2265 Redep
1045 2235 1119 2266 pag.
1136 2222 1165 2256 8

63 2263 140 2296 coll.
165 2262 395 2305 Origenianor.
418 2263 477 2296 lib.
495 2265 535 2297 ΙΙ,
561 2273 684 2308 quaest.
703 2266 796 2299 Vlll.
819 2278 909 2298 num.
924 2266 954 2299 4.
