1404 2463
434 93 478 115 DE
505 82 696 116 ancmns
721 83 832 114 LIBER
858 83 897 114 Π.
1009 110 1014 114 ,
1172 83 1237 118 243

114 184 191 213 ergo
223 172 254 204 in
288 172 347 204 hae
386 172 451 205 vita
474 173 556 205 alius
581 172 715 216 quidem
740 184 905 204 summum
931 172 1058 204 bonum
1084 174 1235 217 corporis

114 233 239 277 judicat
275 233 500 278 voluptatem,
540 233 623 265 alius
659 245 738 264 vero
776 234 807 264 in
840 246 1017 265 commune
1049 235 1233 275 consulere,

112 295 195 327 alius
220 295 338 328 studiis
364 305 395 327 et
419 294 657 336 intelligentiae
684 307 819 337 operam
846 295 939 327 dare:
966 293 1010 326 ita
1027 296 1232 339 requiramus

112 356 145 388 in
170 357 227 389 illa
254 357 328 397 vita,
354 370 437 401 quae
462 369 537 389 vera
563 365 621 396 est,
646 368 727 399 quae
752 356 945 388 abscondita
961 355 994 399 ¹)
1018 369 1086 388 esse
1112 357 1233 390 dicitur

113 431 188 449 cum
215 418 347 451 Christo
373 418 405 450 in
424 419 512 457 Deo,
535 417 570 450 id
595 426 642 449 est
665 417 697 448 in
723 416 781 448 illa
807 426 938 449 aeterna
963 416 1039 459 vita,
1062 416 1087 449 si
1113 418 1232 462 aliquis

112 479 186 511 talis
214 479 276 511 erit
299 479 395 511 nobis
420 479 553 511 vivendi
580 478 676 517 ordo,
700 478 754 509 vel
779 486 890 509 status.

199 540 230 574 2.
271 539 417 583 Quidam
432 541 464 583 ²)
490 552 567 581 ergo
592 540 743 572 laborem
769 538 1020 583 quodammodo
1046 539 1231 581 intelligen-

109 601 174 633 tiae
198 610 400 642 recusantes,
426 610 458 633 et
481 601 692 645 superficiem
718 600 882 644 quandam
908 599 987 642 legis
1013 601 1127 633 literae
1152 614 1231 633 con-

112 671 290 702 sectantes,
328 672 359 694 ct
389 662 491 704 magis
516 661 733 694 delectationi
754 674 830 694 suae
856 662 1108 705 quodammodo
1134 674 1170 694 ac
1195 662 1232 694 li-

108 723 215 755 bidini
247 723 469 765 indulgentes,
502 723 605 755 solius
637 723 751 755 literae
778 723 953 767 discipuli,
983 723 1230 767 arbitrantur3)

106 784 383 828 repromissiones
414 785 539 817 suturas
578 784 611 816 in
645 785 817 828 voluptate
857 794 889 816 et
920 785 1047 818 luxuria
1078 785 1230 829 corporis

107 847 357 890 exspectandas:
393 856 424 878 et
449 856 629 890 propterea
653 846 831 890 praecipue
857 859 969 878 carnes
994 846 1114 878 iterum
1140 846 1228 879 desi-

107 908 225 940 derant
248 917 326 952 post
349 908 627 940 resurrectionem
652 907 750 947 tales,
786 909 904 952 quibus
928 908 1171 947 manducandi,
1196 917 1227 940 et

105 969 259 1008 bibendi,
291 979 323 1002 et
348 969 459 1002 omnia
492 983 575 1013 quae
608 969 713 1001 carnis
738 978 770 1001 et
792 969 956 1011 sanguinis
980 979 1076 1010 sunt,
1109 970 1225 1011 agendi

105 1043 275 1075 nunquam
301 1031 386 1063 desit
412 1031 562 1069 facultas,
587 1030 734 1074 apostoli
759 1030 900 1074 Pauli4)
927 1032 967 1063 de
985 1031 1226 1064 resurrectione

105 1092 286 1136 spiritualis
324 1092 476 1136 corporis
517 1091 713 1125 sententiam
754 1105 820 1124 non
858 1101 1042 1137 sequentes.
1094 1092 1227 1136 Quibus

107 1163 353 1197 consequenter
377 1154 505 1186 addunt
529 1164 562 1185 et
585 1153 773 1197 nuptiarum
800 1154 1055 1193 conventiones,
1081 1164 1113 1187 ct
1137 1154 1225 1187 {ilio-

108 1229 181 1247 rum
206 1215 454 1260 procreationes
480 1215 577 1247 etiam
602 1224 678 1258 post
701 1214 976 1247 resurrectionem
1002 1216 1139 1256 futuras,
1164 1216 1226 1247 fin-

104 1286 217 1318 gentes
247 1277 382 1309 sibimet
414 1276 494 1320 ipsis
519 1277 702 1310 Jerusalem
732 1286 897 1308 terrenam
929 1277 1045 1308 urbem
1076 1277 1228 1309 reaedifi-

105 1339 302 1382 candam‚⁵)
339 1338 505 1382 lapidibus
537 1338 690 1382 pretiosis
715 1338 748 1370 in
774 1338 987 1370 fundamenta
1014 1340 1082 1383 ejus
1106 1337 1227 1383 jacien-

105 1400 164 1439 dis,
190 1409 222 1432 et
247 1400 287 1432 de
301 1400 332 1442 ⁶)
360 1399 470 1444 lapide
496 1399 622 1444 jaspide
647 1412 760 1431 muros
785 1397 854 1443 ejus
879 1398 1063 1440 erigendos,
1091 1409 1123 1431 et
1147 1413 1226 1444 pro-

103 1461 288 1505 pugnacula
313 1460 427 1506 ejus7)
453 1475 490 1493 ex
517 1461 628 1505 lapide
654 1460 831 1505 crystallo;
868 1461 1061 1504 peribolum
1091 1474 1225 1506 quoquc

102 1522 287 1555 habituram
312 1537 349 1555 cx
374 1522 539 1567 lapidibus
564 1522 677 1556 electis
703 1531 735 1555 et
759 1521 874 1563 variis,
909 1522 945 1555 id
970 1532 1017 1555 est
1041 1522 1168 1568 jaspide
1194 1533 1225 1556 et

103 1584 284 1627 sapphim,
308 1594 340 1616 et
365 1585 603 1624 chalcedonio,
635 1594 669 1616 ct
693 1585 877 1625 smaragdo,
924 1584 1002 1628 ets)
1026 1584 1155 1624 sardio,
1195 1594 1224 1616 et

205 1696 237 1739 ¹)
263 1695 391 1731 Coloss.
418 1697 479 1735 ΙΙΙ,
502 1696 532 1730 3.

197 1751 232 1793 ²)
256 1751 327 1785 Csr.
361 1752 410 1783 ed.
441 1751 567 1796 Redep.
593 1764 664 1796 pag.
690 1750 765 1786 233.
790 1760 859 1783 not.
883 1750 936 1785 32.

197 1807 230 1849 ³)
260 1807 304 1838 lta
330 1806 533 1838 Mss.Lih1i
565 1807 646 1839 editi
670 1807 717 1851 (v.
744 1820 771 1838 c.
798 1807 873 1839 edd.
899 1806 964 1849 Μ.)
1004 1805 1226 1847 „arbitrantur

107 1852 233 1882 futuras
259 1851 456 1895 voluptates,
481 1861 513 1883 et
537 1852 681 1884 luxurias
706 1851 858 1896 corporis
882 1852 1148 1895 exspectandas“
1174 1852 1214 1884 R.

197 1906 230 1949 4)
257 1906 325 1939 cfr.
352 1907 364 1938 1
392 1907 646 1947 001.xv‚44

198 1963 230 2006 ⁵)
257 1962 306 1994 Ita
330 1962 409 1994 Mss.
435 1962 525 1995 Libri
557 1963 653 1996 editi:
689 1963 927 1995 aedificandam
962 1961 1125 2005 lapidibus
1150 1974 1225 2005 pie-

104 2006 215 2045 fiosis,
254 2020 310 2039 eos
342 2006 375 2038 in
406 2008 620 2040 fundamenta
650 2007 815 2052 jacentes“
842 2017 902 2040 cte.
928 2008 966 2039 R.
992 2026 1033 2031 —
1066 2007 1153 2040 Edd.
1180 2008 1227 2040 Μ.

106 2052 367 2092 „aedificandam
393 2052 560 2096 lapidibus
584 2053 750 2096 pretiosis,
776 2066 832 2084 eos
856 2052 890 2084 in
914 2052 1132 2084 fundamenta
1157 2051 1226 2098 ejus

105 2098 268 2142 jacentes“
297 2097 366 2141 (ed.
392 2098 440 2130 M.
468 2099 506 2130 ll.
527 2100 714 2143 jacientes)
739 2107 801 2131 etc.

196 2153 228 2196 6)
254 2153 358 2185 Deest
384 2154 464 2203 „den
493 2155 525 2186 in
548 2154 622 2186 edd.
633 2154 681 2187 M.
733 2154 765 2197 7)
782 2154 886 2185 Deest
904 2153 1014 2198 „ejus“
1033 2153 1065 2185 iu
1088 2154 1164 2187 cdd.
1179 2155 1224 2186 M.

197 2210 230 2253 εὶ)
255 2209 385 2241 Desunt
409 2209 442 2242 in
467 2219 561 2242 autea
587 2209 683 2242 editis
709 2210 754 2254 (v.
780 2223 806 2242 c.
826 2209 901 2242 edd.
921 2210 997 2253 M.),
1024 2210 1080 2242 sed
1107 2210 1226 2242 liaben-

104 2263 157 2286 tur
182 2254 214 2287 in
240 2255 319 2288 Mss.
344 2256 461 2288 verba:
486 2265 540 2296 „et
563 2255 706 2289 sardio.“
732 2255 770 2287 R.

840 2316 960 2349 *161*
