1404 2463
420 138 463 160 DE
489 127 680 160 ancmus
706 125 817 157 anR
847 125 868 156 1.
1159 121 1203 157 87

80 219 120 250 de
146 218 202 250 illa
225 217 429 250 beatitudine
453 216 666 260 percipimus,
689 224 782 247 tanto
810 214 909 255 magis
933 214 967 246 in
985 213 1080 245 nobis
1101 213 1153 245 vel
1169 214 1199 257 ¹)

79 279 240 312 dilatetur
264 279 333 324 ejus
357 278 578 316 desiderium,
608 277 661 308 vel
686 285 858 317 augeatur,
891 276 970 307 dum
995 287 1126 318 semper
1148 287 1199 306 ar-

80 339 212 372 dentius
238 349 269 372 et
295 339 445 383 capacius
471 339 622 378 Patrem,
647 347 678 370 et
702 338 848 379 Filium,
873 349 911 369 ac
936 336 1099 380 Spiritum
1123 348 1196 367 san-

79 411 169 434 ctum
195 401 247 433 vel
272 402 428 446 capimus,
454 401 505 433 vel
530 409 690 432 tenemus.
751 399 786 433 Si
811 408 921 431 autem
945 397 1123 442 aliquando
1149 409 1198 429 sa-

78 463 173 496 tietas
198 462 329 507 capit²)
353 462 496 507 aliquem
523 476 560 494 cx
585 461 651 500 his,
685 460 740 505 qui
764 461 797 492 in
821 472 952 492 summo
976 459 1196 503 perfectoque

77 524 285 557 constiterint
315 525 436 565 gradu,
473 536 540 555 non
579 523 724 556 arbitror
754 522 845 567 quod
877 522 918 553 ad
947 520 1094 553 subitum
1124 519 1198 563 quis

79 582 266 625 ewwuv'tur,
291 598 328 617 ac
352 586 501 626 decidat3
526 586 583 617 sed
608 584 768 629 paulatim
794 593 827 616 et
842 596 904 628 per
922 592 1031 627 partes
1050 581 1197 614 defluere

78 660 154 679 eum
178 660 310 679 necesse
335 656 400 680 est:
426 647 468 679 ita
492 656 529 678 ut
552 646 625 678 fieri
649 646 755 690 possit
773 645 953 684 interdum,
976 653 1014 676 ut
1037 643 1064 675 si
1086 642 1196 675 brevis

78 708 196 753 aliquis
220 708 330 752 lapsus
354 708 523 747 acciderit,
547 719 579 740 et
604 707 670 740 cito
699 707 884 751 resipiscat,
908 715 1007 751 atque
1030 705 1064 737 in
1087 717 1121 737 se
1146 716 1196 735 re-

78 779 232 809 vertatur,
256 783 323 802 non
347 770 481 814 penitus
504 783 617 810 ruere,
647 770 704 802 sed
735 781 894 801 revocare
915 768 1058 812 pedem,
1090 775 1122 798 et
1145 778 1195 797 re-

77 831 148 864 dire
171 832 212 863 ad
236 840 356 864 statum
377 845 483 872 suum,
509 841 540 864 ct
557 845 685 863 rursum
702 840 845 863 statuere
860 829 1009 875 possim)
1034 829 1079 867 id,
1105 828 1196 871 quod

77 907 138 937 per
161 893 392 935 negligentiam
417 896 524 926 suerat
549 895 688 937 lapsum.

310 1208 563 1249 CAPUT'
606 1184 972 1256 QUAVRTUM.

358 1309 411 1340 De
440 1306 661 1340 diminutione
686 1307 739 1339 vel
763 1305 911 1350 lapsuf)

170 1411 198 1445 1.
245 1410 291 1443 Ut
321 1418 433 1442 autem
464 1409 557 1441 istam
590 1406 863 1447 diminutionem,
902 1407 955 1438 vel
986 1406 1113 1450 lapsum
1139 1417 1195 1436 eo-

80 1486 164 1513 rum,
189 1472 245 1517 qui
268 1485 302 1504 se
326 1470 543 1512 negligentius
570 1469 737 1513 egerint⁵)
768 1469 998 1508 ostendamus,
1028 1466 1124 1500 etiam
1150 1465 1193 1498 si—

79 1534 268 1566 militudine
301 1532 441 1579 alicujus
480 1531 625 1577 exempli
652 1530 700 1563 uti
736 1543 802 1562 non
838 1529 969 1562 videtur
1002 1529 1193 1562 absurdum.

178 1696 207 1740 ¹)
232 1695 322 1727 Alias
346 1695 394 1738 (v,
419 1707 447 1728 c.
470 1694 503 1726 in
527 1694 601 1726 edd.
626 1693 691 1737 M.)
718 1693 790 1735 „vel
815 1692 995 1725 dilatentur
1014 1691 1083 1737 ejus
1108 1691 1195 1723 desi-

85 1741 193 1780 deria,
232 1740 283 1772 vel
306 1749 501 1780 augeamur,
533 1740 611 1770 dum
636 1751 769 1782 semper
792 1738 958 1770 ardentius
981 1747 1125 1782 patrem,
1162 1747 1194 1770 et

86 1788 156 1831 (ed.
186 1787 238 1863 NR
266 1785 290 1819 Ι.
318 1788 385 1830 vel)
416 1784 551 1816 filium“
578 1793 640 1816 etc.
715 1784 798 1826 Sedv
820 1784 899 1816 Mss.
928 1792 965 1815 ut
1008 1783 1043 1815 in
1078 1792 1193 1815 nostro

83 1841 183 1865 textu.
242 1857 249 1864 .

176 1887 210 1930 ²)
236 1886 291 1919 Sic
315 1886 393 1918 Mss.
418 1885 525 1918 Alias:
550 1885 732 1930 „ceperit.“
768 1884 873 1927 Quod
894 1893 1004 1917 autem
1028 1882 1092 1915 hoc
1116 1884 1193 1915 loco

87 1934 132 1966 ait
156 1932 335 1973 Ou·igene5‚
357 1943 455 1974 posse
478 1931 567 1972 fieri,
597 1940 634 1963 ut
659 1931 715 1975 qui
738 1931 779 1963 nd
803 1943 970 1962 summum
993 1929 1195 1974 perfectum-

86 1992 150 2023 que
174 1976 386 2009 beatitudinis
415 1977 551 2017 gradum
582 1975 787 2020 pervenerit,
814 1975 892 2008 inde
923 1973 1083 2019 paulatim
1108 1974 1197 2007 deci-

87 2029 154 2062 dat,
175 2035 212 2054 ac
236 2030 326 2060 ruat,
353 2020 388 2052 id
412 2021 546 2064 quidem
569 2020 718 2065 sequitur
742 2034 778 2052 ex
804 2020 872 2063 ejus
896 2020 981 2053 circa
1004 2018 1132 2052 arbitrii
1156 2020 1195 2052 li-

86 2071 249 2101 bertatem
282 2075 314 2098 et
343 2065 376 2097 in
406 2066 500 2098 omni
529 2075 614 2098 statu
638 2075 900 2110 perseverantem
925 2067 1010 2098 bene
1036 2065 1088 2096 vel
1111 2065 1198 2097 male

88 2112 205 2154 agendi
236 2111 427 2144 facultatem
459 2111 605 2154 placitis,
636 2111 693 2142 sed
724 2111 906 2143 catholicae
927 2110 1006 2143 fidei
1030 2119 1199 2154 repugnat.

90 2159 176 2190 Vide
201 2155 431 2198 origenianor,
456 2155 514 2189 lib.
529 2157 571 2188 ΙΙ.
597 2164 719 2199 quaest.
736 2156 795 2188 Xl.
819 2169 909 2190 num.
929 2155 957 2191 1.
983 2157 1021 2188 R.
1045 2178 1088 2185 —
1112 2156 1196 2188 Edd.

88 2204 135 2237 M.
163 2202 303 2247 „cepit.“
396 2201 430 2245 ³)
454 2201 540 2234 Edd.
565 2201 611 2234 M.
636 2204 786 2244 „posse.“

184 2258 218 2303 ⁴)
244 2258 310 2291 Cfr.
341 2257 391 2291 ed.
415 2256 544 2300 Redep.
567 2269 640 2300 pag.
664 2255 738 2292 133.
762 2257 891 2310 notfx)

189 2315 222 2358 ⁵)
244 2314 329 2347 Edd.
349 2313 395 2347 M.
422 2322 577 2356 „egerunt
591 2313 817 2346 ostendamus:
843 2322 875 2345 et
889 2312 1126 2346 similitudinc“
1143 2322 1202 2345 etc.
