1404 2463
201 85 265 119 110
675 85 848 118 OMGEMS

196 187 266 206 ram
292 173 409 205 aetatis
434 173 650 217 plenitudinis
675 173 827 207 Christi.“
887 173 929 205 Et
961 173 1045 205 sicut
1070 173 1159 206 idem
1183 183 1318 217 aposto-

198 236 249 267 lus
273 235 340 280 jam
364 247 425 266 nos
440 235 470 277 ¹)
496 234 592 267 ctiam
617 235 649 267 in
672 235 836 279 praesenti
870 235 933 266 vita
958 234 990 266 in
1018 234 1156 267 ecclesia
1180 234 1320 279 positos,

197 299 231 330 in
256 309 324 341 qua
346 296 462 340 utique
497 296 601 328 futuri
636 297 728 338 regni
758 306 805 329 est
838 296 964 335 forma,
1001 296 1041 328 ad
1073 296 1155 328 hanc
1181 297 1319 328 eandem

196 358 331 391 unitatis
361 357 615 390 similitudinem
647 357 858 395 cohortatur,
894 357 1023 389 dicens:
1062 357 1174 401 »Ut²)
1206 358 1320 390 eadem

196 420 312 453 dicatis
339 431 465 457 omnes,
490 428 522 450 et
545 431 612 451 non
636 420 701 451 sint
726 419 758 450 in
785 418 879 450 vobis
904 418 1090 458 schismata,
1115 418 1185 451 sitis
1209 429 1320 454 autem

195 481 339 526 perfecti
363 480 396 512 in
422 493 487 512 uno
514 481 700 525 eodemque
724 493 841 519 seusu,
867 490 965 523 atque
989 480 1022 512 in
1047 493 1110 512 una
1136 481 1319 525 eademque

195 542 392 576 sententia.“
405 543 439 585 ³)

283 603 314 638 3.
363 603 544 637 Sciendum
562 613 671 635 tamen
697 612 744 635 est
761 603 793 646 ⁴)
819 603 991 647 quosdam,
1017 603 1072 648 qui
1092 615 1129 635 ex
1142 616 1210 636 uno
1227 603 1320 648 prin-

195 666 297 711 cipie,
323 665 415 709 quod
438 678 537 709 supra
563 664 722 703 diximus,
755 664 882 708 delapsi
905 674 997 704 sunt,
1030 665 1062 696 in
1088 674 1209 697 tantam
1234 665 1321 697 indi-

195 727 354 770 gnitatem
385 739 422 758 ae
453 727 613 759 malitiam
637 740 671 758 se
686 726 718 769 ⁵)
744 725 895 764 dedisse,
920 735 955 758 ut
979 725 1105 767 indigni
1129 726 1233 759 habiti
1256 726 1321 758 sint

194 788 404 822 institutione
431 789 509 827 hac,
543 789 591 820 vel
619 786 827 827 eruditione,
863 798 925 831 qua
956 799 1016 830 per
1050 799 1182 820 carnem
1206 787 1322 820 huma-

195 864 275 883 num
300 863 401 892 genus
425 849 593 894 adjutorio
616 849 777 881 virtutum
793 848 991 881 coelestium
1017 848 1199 882 instituitur
1221 859 1320 894 atque

197 912 358 952 eruditur,
381 912 438 944 sed
465 925 481 943 e
507 910 673 943 contrario
699 909 798 942 etiam
821 910 997 942 adversarii
1018 919 1118 955 atque
1133 923 1320 955 repugnan—

195 984 244 1007 tes
269 973 336 1013 his,
363 973 420 1017 qui
444 972 640 1005 erudiuntur
663 981 761 1015 atque
785 971 998 1012 imbuuntur,
1023 971 1190 1005 exsistunt.
1223 973 1320 1006 Unde

197 1045 228 1067 et
252 1047 372 1077 agones
397 1035 557 1077 quosdam
581 1043 680 1078 atque
705 1033 883 1065 certamina
907 1033 1016 1066 omnis
1032 1035 1112 1066 haec
1133 1035 1231 1066 habet
1256 1034 1321 1066 vita

196 1095 408 1134 mortalium,
438 1093 678 1126 reluctantibus
709 1093 838 1126 scilicet
864 1104 894 1126 et
919 1094 1180 1139 repugnantibus
1202 1094 1320 1128 adver-

195 1171 270 1191 sum
291 1169 354 1189 nos
377 1156 488 1200 his,⁶)
521 1155 577 1200 qui
609 1156 679 1188 sine
710 1156 782 1188 ullo
814 1166 969 1200 respectu
1001 1157 1042 1188 de
1073 1166 1158 1189 statu
1186 1157 1320 1190 meliori

197 1219 325 1263 delapsi
348 1227 435 1256 sunt,
458 1217 515 1261 qui
539 1217 752 1261 appellantur
776 1218 929 1250 diabolus
955 1227 986 1250 et
1010 1218 1116 1260 angeli
1141 1217 1230 1263 ejus,
1265 1232 1320 1251 ce-

196 1281 326 1325 terique
350 1279 483 1311 ordines
507 1278 664 1317 malitiae,
689 1291 773 1322 quos
794 1280 966 1322 apostolus
984 1280 1025 1311 de
1041 1279 1217 1313 virtutibus
1241 1294 1321 1313 con-

194 1343 303 1375 trariis
326 1340 521 1374 nominavit.
572 1341 646 1372 Jam
661 1341 692 1384 ⁷)
718 1353 795 1371 vero
821 1340 847 1371 si
873 1340 976 1384 aliqui
1001 1354 1039 1373 ex
1064 1342 1112 1374 his
1137 1342 1320 1382 ordinibus,

197 1404 254 1449 qui
278 1405 339 1436 sub
364 1402 550 1447 principatu
577 1401 702 1433 diaboli
727 1411 836 1442 agunt,
861 1414 897 1434 ac
922 1402 1068 1435 malitiae
1092 1403 1162 1448 ejus
1187 1405 1318 1436 obtem-

195 1475 331 1511 perant,
366 1472 525 1509 poterunt
543 1464 574 1507 5)
601 1462 780 1506 aliquando
804 1462 837 1494 in
862 1464 980 1496 futuris
1004 1464 1143 1497 saeculis
1169 1466 1319 1498 converti

196 1529 238 1560 ad
261 1526 460 1564 bonitatem,
491 1537 552 1568 pro
587 1537 646 1564 ευ,
680 1524 770 1568 quod
805 1534 852 1556 est
883 1524 915 1556 in
948 1524 1026 1570 ipsis
1060 1525 1156 1557 liberi
1180 1526 1321 1559 facultas

196 1588 341 1622 arbitrii:
365 1601 404 1620 an
431 1600 509 1620 vero
535 1599 730 1631 permanens
756 1595 789 1618 et
812 1586 995 1619 inveterata
1019 1586 1145 1619 malitia
1171 1587 1262 1619 velut
1285 1587 1318 1620 iu

197 1660 347 1683 naturam
372 1650 536 1694 quandam
560 1661 597 1680 ex
623 1647 862 1680 consuetudine
895 1656 1126 1681 convertatur:
1160 1648 1258 1681 etiam
1283 1658 1319 1681 tu

198 1713 254 1757 qui
279 1712 359 1754 legis
383 1712 545 1756 probato,
578 1710 604 1742 si
637 1709 832 1741 omnimode
856 1722 964 1754 neque
997 1711 1031 1742 in
1064 1710 1130 1750 his,
1162 1723 1245 1755 quae
1270 1710 1319 1742 vi-

293 1847 323 1889 ¹)
350 1846 394 1876 lta
421 1845 498 1876 Mss.
526 1844 614 1876 Alias
640 1846 686 1887 (v.
713 1857 738 1875 c.
765 1844 797 1876 in
824 1845 897 1876 edd.
923 1845 988 1889 M.)
1016 1849 1126 1886 „eos.“
1154 1846 1192 1879 R.

289 1903 323 1946 ²)
349 1902 358 1932 l
385 1900 463 1935 Cor.
491 1902 513 1935 l.
540 1901 591 1934 10.
685 1901 718 1944 3)
744 1901 829 1933 Edd.
857 1901 902 1933 M.
930 1901 1118 1942 ‚,scientia.“

289 1957 322 2001 ⁴)
343 1957 391 1988 lta
417 1957 494 1988 Mss.
521 1956 649 2000 (itemq.
677 1957 728 1990 ed.
754 1957 800 1988 M.
828 1957 870 2000 l.)
895 1957 985 1989 Alias
1010 1959 1057 2001 (v.
1083 1971 1110 1990 c.
1134 1957 1167 1989 in
1192 1957 1243 1990 ed.
1269 1956 1317 1989 M.

200 2004 256 2047 ll.)
284 2006 407 2044 ‚‚esse.“
434 2002 471 2033 R,

291 2062 324 2103 ᾗ)
349 2060 477 2091 Desunt
499 2058 529 2089 in
555 2068 648 2089 anu-a
673 2057 769 2090 editis
795 2058 841 2101 (v.
867 2071 891 2090 c.
919 2058 993 2090 edd.
1019 2058 1095 2103 NL),
1118 2059 1176 2091 sed
1192 2067 1318 2091 exstant

201 2108 230 2139 in
255 2105 410 2137 omnibus
435 2104 512 2135 Mss.
540 2105 655 2135 verba:
683 2116 736 2144 „se
763 2103 924 2135 dedisse.“
952 2104 989 2135 R.

289 2163 322 2203 t³)
346 2161 431 2194 Edd.
458 2160 505 2192 M,
533 2158 599 2190 »his
613 2159 682 2191 sine
700 2159 770 2191 ullo
789 2168 941 2203 respectu
956 2158 1061 2203 qui—
1076 2159 1195 2203 dilapsi
1209 2163 1315 2192 suut.⁴‘

293 2219 324 2261 ⁷)
350 2217 435 2248 Vide
460 2214 691 2255 Origeuianor.
718 2214 774 2246 lib.
800 2215 840 2247 ll.
867 2225 988 2259 quaest.
1015 2215 1074 2248 xl.
1098 2228 1188 2248 num.
1214 2215 1264 2249 18.

273 2276 325 2317 ,8)
351 2272 418 2305 Cl'r.
444 2272 494 2304 ed.
520 2272 648 2315 Redcp,
670 2284 743 2315 pag.
772 2271 844 2306 146.
866 2281 936 2304 not.
960 2270 1014 2305 24.
