1404 2463
132 118 200 153 412
614 116 794 150 Omeems

134 208 193 253 qui
219 216 268 248 est
291 206 398 249 gentis
424 207 590 252 (Ὧι-111111)
614 207 784 252 princeps,
809 219 909 251 quern
935 206 1112 239 nominant
1128 205 1274 239 Patriar-

133 269 293 312 cham‚²)
326 281 389 301 nec
422 269 568 301 deficere
593 282 693 313 posse
718 269 760 301 de
791 268 919 301 semine
945 267 1035 313 ejus,
1069 267 1127 313 qui
1139 269 1173 312 ³)
1199 280 1275 312 per-

133 340 289 363 maneant
312 343 419 375 usque
444 331 485 362 ad
511 331 694 363 adventum
720 329 790 374 ejus
817 329 959 369 Christi,
993 342 1094 374 quem
1119 329 1184 362 sibi
1208 328 1274 373 ipsi

133 391 337 425 describunt.
386 392 456 425 Sed
480 391 506 424 si
533 405 649 424 verum
675 401 724 424 est
748 392 841 436 quod
867 392 913 424 ait
937 392 1124 436 propheta,
1149 391 1226 436 quia
1240 391 1275 435 4)

135 454 227 496 „dies
253 453 380 485 multos
405 454 573 486 sedebunt
596 453 660 486 filii
686 454 789 486 Israel
815 453 886 486 sine
910 465 1007 494 rege,
1038 453 1110 486 sine
1125 454 1158 498 ⁵)
1183 452 1276 498 prin-

133 516 226 560 cipe,
258 527 321 547 nee
347 514 411 546 erit
435 515 562 556 hostia,
600 528 663 547 nec
687 515 808 554 altare,
842 528 904 547 nec
928 515 1202 548 sacerdotium:“
1243 523 1282 546 et-

132 578 250 622 utique
275 588 313 609 ex
340 589 407 621 quo
432 577 630 609 subversum
656 586 706 609 est
727 577 914 621 templum,
945 589 1007 609 nec
1032 576 1162 610 hostiae
1187 577 1276 609 offfe-

133 649 270 679 runtur,
303 651 364 671 nec
388 638 492 670 altare
516 636 705 680 invenitur,
739 639 849 682 necfi)
873 638 1102 670 sacerdotium
1127 647 1275 671 constat:

134 700 357 734 certissimum
384 709 432 733 est
458 699 622 732 defecisse
646 699 864 744 principes⁷)
890 713 927 732 ex
950 699 1058 740 Juda,
1084 700 1172 732 sicut
1195 699 1277 732 scri-

133 772 231 808 ptum
265 771 331 802 est,
371 771 404 794 et
439 762 560 794 ducem
593 774 632 794 ex
663 761 852 794 femoribus
879 761 968 807 ejus,
1008 774 1187 806 usquequo
1220 773 1277 792 ve-

230 931 261 974 ¹)
290 929 391 974 Apol.
416 928 559 973 Pamph.
585 928 650 961 l'oc.
676 927 766 961 laud.
793 927 1001 972 „ipsorum.“

228 987 263 1030 2)
288 986 423 1018 Ruaeus
454 984 488 1017 in
520 984 609 1017 notis
641 985 682 1017 ad
708 984 794 1017 hunc
821 985 954 1017 locum:
989 984 1274 1030 „Chrysostomus

133 1035 166 1067 iu
190 1030 320 1064 Homit.
347 1039 463 1063 contra
488 1030 638 1062 Judaeos
663 1039 696 1062 et
721 1029 891 1062 Gentiles:
932 1032 1022 1074 quod
1050 1030 1207 1063 Christus
1232 1031 1277 1062 sit

132 1081 244 1112 Deus:
285 1074 441 1107 meminit
482 1075 695 1108 Paniarchae
732 1076 954 1108 Judaeorum.
1002 1074 1182 1127 Ejusmodi
1214 1075 1279 1107 Pa·

133 1122 312 1156 triarcham
346 1129 538 1153 memorant
561 1120 679 1152 itidem
706 1120 805 1152 multi
831 1120 1013 1164 scriptores
1039 1119 1276 1161 ecclesiastici;

135 1167 301 1209 Oxigenes
324 1166 357 1198 in
383 1166 563 1209 opusculo,
589 1165 716 1210 quod'
708 1179 741 1198 111
766 1165 834 1197 alio
858 1165 971 1197 Tomo
997 1166 1136 1198 edemus
1160 1174 1198 1197 ut
1221 1176 1277 1206 ge-

134 1213 273 1245 nuinum
309 1212 532 1252 fragmentum
559 1210 893 1243 Commentariorum
926 1211 959 1243 in
985 1210 1159 1250 Psalmos,
1194 1209 1277 1242 dicit

133 1272 167 1292 se
201 1271 277 1290 cum
305 1256 497 1289 patriarcha
520 1256 728 1288 Judneorum
759 1256 854 1288 Jullo
886 1255 1025 1288 nomine
1059 1269 1275 1297 congressum

133 1316 216 1336 esse.
272 1301 502 1334 Patriarcham
540 1301 620 1333 item
653 1301 865 1334 Judaeorum
905 1311 1097 1333 memorant
1128 1301 1276 1347 Cyrillus

133 1346 485 1397 Hiemsolymitanus3
516 1346 762 1397 Hieronymus,
801 1355 835 1378 et
865 1346 1008 1378 maxime
1035 1346 1275 1379 Theodoretus

134 1393 267 1433 Dialng.
295 1393 331 1431 l.‚
365 1404 403 1423 ex
434 1405 528 1435 culus
561 1391 660 1423 dictis
694 1390 868 1433 colligitur
892 1391 1101 1424 patriarchas
1126 1392 1276 1425 Judaeu-

134 1451 207 1471 1um
234 1450 268 1469 se
294 1449 332 1469 ex
357 1436 519 1480 progenie
544 1435 685 1468 Davidis
711 1449 780 1468 esse
805 1437 891 1468 salso
915 1436 1092 1483 jactitasse.
1141 1437 1274 1469 Horum

133 1484 219 1516 alter
248 1482 283 1514 in
307 1482 437 1514 Judaea
470 1481 629 1523 degebat,
667 1481 754 1513 alter
778 1480 965 1528 Babylone.
1014 1482 1068 1514 De
1099 1481 1140 1514 iis
1163 1491 1275 1524 agunt,

134 1528 191 1572 qui
217 1528 258 1559 de
282 1527 494 1560 ,ludaeorum
519 1526 695 1570 republica
720 1535 916 1559 tractavere.
965 1526 1052 1559 Vide
1076 1526 1274 1578 praesertim

134 1572 309 1606 Petavium
334 1572 368 1604 in
393 1571 482 1604 notis
508 1572 549 1603 ad
574 1571 816 1615 Epiphaniam,
841 1580 874 1604 et
897 1573 1018 1606 Jacob.
1044 1571 1275 1605 Godefridum

133 1619 175 1651 ad
212 1617 299 1650 Cod.
335 1617 510 1650 Theodos.
543 1616 643 1649 Tom.
678 1617 734 1649 Vl.
771 1629 844 1660 pag.
875 1616 974 1651 213.“
1038 1617 1135 1649 ldem
1171 1618 1276 1662 Apol.

132 1663 274 1706 Pamph.
307 1662 374 1694 loc.
401 1662 489 1694 laud.
521 1660 555 1693 in
578 1661 829 1702 notis:„1stos
862 1662 984 1702 hodie,
1016 1662 1129 1706 inquit
1163 1661 1276 1694 Gene-

133 1709 293 1747 bmdus,
328 1707 450 1740 Judaei
487 1707 664 1751 appellant
695 1705 729 1738 in
761 1706 828 1739 suis
864 1707 1060 1740 Chronicis:
1095 1709 1275 1760 principes

132 1755 307 1794 emulum,
343 1761 376 1784 et
409 1765 525 1785 eoium
552 1765 586 1784 111
611 1751 835 1797 Babjloniam
861 1752 1106 1785 successionem
1131 1753 1207 1785 ab
1199 1766 1274 1798 ipso

133 1797 351 1832 Zonobabele
374 1797 470 1830 anxie
494 1806 698 1839 memorant,
722 1797 782 1829 sed
807 1798 910 1842 paulo
936 1798 1159 1831 fabulosius.“

228 1855 261 1897 ³)
289 1852 347 1887 Sic
373 1853 454 1886 Mss.
480 1853 572 1885 Editi
598 1853 646 1897 (v.
665 1866 694 1885 c.
711 1852 786 1885 edd.
806 1853 855 1886 M.
872 1853 990 1898 itemq.
1009 1855 1113 1898 Apol.
1130 1854 1273 1900 Pamph.

134 1900 199 1933 loc.
226 1900 334 1943 laud.)
361 1900 439 1944 „qui
465 1902 692 1942 permaneat.“
719 1898 759 1930 R.

226 1955 260 1999 ⁴)
285 1955 350 1988 Ed.
376 1955 426 1988 Μ.
453 1955 497 1988 ΙΙ.
525 1955 650 1998 „quod
656 1957 672 1974 “
699 1971 741 1977 -—
768 1954 838 1988 Csr.
863 1954 946 1988 Hos.
972 1955 1036 1994 Ill,
1059 1953 1093 1988 4.

226 2011 260 2054 ⁵)
287 2011 390 2053 Apol.
415 2010 557 2054 Pamph.
584 2010 649 2043 loc.
676 2011 766 2044 laud.
794 2010 885 2052 „sine
917 2010 1090 2062 principe,
1130 2023 1192 2043 nec
1225 2021 1274 2044 est

131 2054 353 2094 sacrificium,
384 2068 496 2100 neque
521 2055 642 2096 altare,
674 2069 784 2100 neque
807 2055 1051 2096 saceidotium,
1083 2064 1117 2088 et
1141 2069 1179 2088 ex
1205 2069 1273 2101 quo

133 2100 250 2144 utique
274 2101 493 2132 subversum“
521 2109 587 2134 etc.

228 2156 262 2199 6)
287 2155 373 2188 Edd.
408 2156 456 2189 M.
492 2169 572 2189 »nec
603 2156 846 2190 sacerdotium:
892 2165 1023 2189 constat
1061 2165 1095 2189 et
1127 2156 1270 2190 certissi-

135 2214 226 2233 mum
254 2209 304 2233 cst
329 2200 513 2233 defecisse“
541 2211 602 2235 cte.

227 2255 261 2300 7)
289 2256 389 2299 Apol.
420 2256 562 2300 Pamph.
600 2257 665 2290 loc.
700 2257 788 2290 laud.
831 2257 1082 2302 „principem.“
1118 2277 1156 2283 ·-
1200 2257 1268 2290 Csr.

135 2301 218 2334 Gen.
245 2301 368 2340 XLIX,
395 2301 448 2335 10.
