1404 2463
428 105 470 126 un
496 94 694 126 PfflNcwns
718 93 832 126 Lfflfflx
860 95 883 127 Ι.
1183 92 1232 127 39

92 183 246 225 intelligi,
272 196 340 227 quo
365 183 493 216 scilicet
516 183 699 215 secundum
724 183 816 227 ipsos
848 195 972 226 corpus
996 183 1048 222 sit,
1074 193 1106 215 et
1129 183 1231 222 illud,

89 246 182 289 quod
206 257 268 289 per
292 258 415 289 corpus
445 253 557 288 potest
589 243 751 286 intelligi,
785 244 838 276 vel
870 243 1004 284 sentiri3
1041 252 1075 276 et
1103 244 1227 276 nolunt

90 307 155 339 lnoc
187 306 348 348 intelligi,
389 306 480 351 quod
513 305 747 350 propinquitas
780 306 945 350 quaedam
976 304 1018 337 sit
1049 304 1153 337 menti
1182 305 1224 337 ad

90 369 214 408 Deum,
240 367 332 413 cujus
353 377 387 400 et
409 365 479 411 ipsa
504 379 598 399 mens
621 366 860 399 intellectualis
884 367 995 409 imago
1020 366 1082 406 sit,
1105 375 1138 398 et
1163 380 1225 411 per

88 431 170 463 haee
186 432 216 475 ¹)
243 429 346 474 possit
370 427 497 472 aliquid
523 428 564 460 de
591 427 771 460 divinitatis
790 428 914 461 sentire
930 437 1056 467 natura,
1080 426 1224 460 maxime

87 493 115 525 si
141 490 397 537 expurgatior2)
421 498 453 522 et
476 489 680 531 segregatior
701 489 743 522 sit
767 503 784 522 a
809 490 948 523 materia
972 489 1155 534 corporali.

178 554 209 588 8,
257 551 544 594 verum³)‘istae
576 551 773 585 assertiones
804 552 960 596 minus⁴)
990 550 1140 584 fortassis
1165 564 1223 584 au-

89 614 250 648 ctoritatis
271 614 393 646 habere
418 612 640 658 videantur⁵)
665 614 756 658 apud
773 627 843 654 eos,
868 613 925 659 qui
945 627 984 646 ex
996 612 1118 646 sanctis
1134 612 1225 646 Seri-

89 677 194 722 pturis
219 677 260 709 de
285 676 385 708 rebus
410 673 531 707 divinis
555 673 686 708 institui
710 676 847 715 volunt,
873 685 905 708 et
930 675 1032 708 etiam
1056 674 1120 707 sibi
1145 673 1225 706 inde

87 737 268 783 approbari
303 745 486 782 quaerunt,
522 737 698 781 quomodo
738 747 855 770 natura
894 737 960 770 Dei
995 736 1224 781 supereminet

88 813 271 844 corporum
301 808 463 831 naturam.
518 798 604 831 Vide
638 811 716 840 ergo
748 798 776 831 si
807 812 875 831 non
907 797 1008 831 etiam
1036 798 1223 842 Apostolus

87 862 152 894 hoc
176 861 266 893 idem
290 860 355 900 ait,
388 873 465 892 cum
496 861 538 892 de
573 859 708 892 Christo
735 860 887 905 loquitur
911 860 1044 893 dicens:
1083 859 1223 903 „Qui⁶)

87 932 136 955 est
159 923 270 964 imago
295 921 470 955 invisibilis
494 921 578 961 Dei,
614 921 858 966 primogenitus
883 922 993 954 omnis
1018 923 1222 954 creaturae.“

85 986 162 1018 Non
188 983 296 1023 enim,
321 992 359 1015 ut
383 982 520 1028 quidam
544 992 681 1028 putant,
706 982 869 1028 natura7)
893 983 960 1016 Dei
984 982 1087 1016 alicui
1111 982 1225 1015 visibi-

87 1046 127 1079 lis
143 1055 202 1086 est,
216 1055 249 1078 et
263 1044 336 1077 aliis
353 1043 545 1077 invisibilis:
570 1057 638 1077 non
656 1044 743 1077 enim
762 1044 846 1077 dixit
868 1045 1071 1090 Apostolus:
1090 1044 1222 1087 „imago

86 1107 257 1141 invisibilis
288 1106 376 1139 Dei“
403 1105 615 1147 hominibus,
645 1116 702 1139 aut
734 1106 952 1149 ,‚invisibilis“
978 1106 1227 1151 peccatoribus,

86 1170 146 1203 sed
172 1169 270 1202 valde
295 1177 489 1200 constanter
519 1168 716 1212 pronuntiat
747 1169 790 1200 de
823 1168 894 1212 ipsa
925 1177 1042 1200 natura
1072 1167 1140 1201 Dei
1173 1167 1226 1200 di-

88 1245 182 1264 cens:
210 1231 344 1272 „Imago
361 1229 396 1274 ⁸)
421 1228 596 1263 invisibilis
614 1229 713 1263 Dei.“
762 1231 830 1264 Sed
849 1239 882 1262 et
897 1230 1047 1262 Joannes
1064 1229 1097 1262 in
1114 1228 1225 1261 Evan-

86 1292 174 1335 gelio
201 1292 331 1324 dicens:
366 1289 499 1332 „Deum
512 1292 546 1335 ⁹)
575 1305 677 1324 nemo
709 1291 795 1324 vidit
817 1295 1013 1336 unquam:“
1047 1290 1224 1323 manifeste

87 1354 235 1387 declarat
260 1352 432 1392 omnibus,
465 1353 523 1397 qui
554 1353 743 1396 intelligere
767 1362 926 1397 possunt,
959 1353 1037 1398 quia
1053 1353 1106 1398 ¹⁰)
1131 1352 1223 1385 nulla

86 1426 204 1449 natura
228 1424 294 1456 est,
327 1413 380 1446 cui
411 1413 550 1447 visibilis
574 1414 616 1447 sit
639 1415 750 1448 Deus:
782 1428 852 1447 non
885 1414 978 1459 quasi
1002 1414 1060 1459 qui
1084 1413 1224 1447 visibilis

88 1478 222 1522 quidem
248 1476 289 1508 sit
313 1489 375 1521 per
399 1485 560 1516 naturam,
585 1486 618 1509 et
643 1476 733 1509 velut
757 1477 936 1519 fragilioris
953 1486 1124 1510 creaturae
1149 1490 1224 1509 eva-

88 1541 144 1572 dat
174 1549 272 1583 atque
305 1539 443 1571 excedat
473 1539 688 1584 adspectum,
713 1538 790 1584 (53)
821 1540 879 1572 sed
905 1538 1064 1584 quoniam
1088 1548 1224 1571 natura—

89 1681 172 1701 mus.
220 1665 311 1698 Libri
335 1666 418 1699 editi
443 1667 488 1711 (v.
514 1680 541 1699 c.
567 1668 645 1701 cdd.
665 1667 729 1709 M.)
754 1667 895 1700 habent:
923 1680 1043 1713 „posse
1068 1668 1226 1709 intelligi,

92 1713 144 1744 vel
169 1711 299 1750 sentiri,
323 1721 361 1743 ut
385 1712 506 1744 volunt
529 1713 595 1745 hoc
618 1712 780 1754 intelligi,
811 1713 925 1758 qu0d“
952 1722 1038 1757 etc.,
1069 1713 1223 1758 pluribus

92 1757 231 1791 omissis.
258 1757 298 1790 R.
397 1759 426 1801 ¹)
452 1758 539 1792 Edd.
564 1759 612 1790 M.
641 1758 756 1798 „l-.0c.“

183 1814 216 1853 ²)
242 1812 297 1845 Sic
327 1813 407 1847 Mss.
441 1813 531 1846 Alias
563 1815 611 1856 (v.
638 1828 667 1847 c.
694 1814 726 1846 in
751 1815 827 1847 edd.
853 1815 918 1859 M.)
951 1815 1071 1847 desunt
1103 1816 1221 1847 verba:

92 1867 146 1899 „et
169 1857 399 1898 segregatior.“
426 1859 466 1890 R.

183 1916 217 1957 ³³)
247 1914 372 1945 Verba:
414 1915 561 1955 „Verum
594 1915 673 1947 istae
706 1936 746 1941 —
784 1926 893 1948 mente
925 1931 1002 1949 eum
1034 1916 1222 1958 intelligere

92 1970 191 2004 atque
218 1963 452 1999 cognosce1·e‚“
482 1960 606 2004 repetit
629 1961 770 1993 Rufinus
795 1962 918 1994 lnvect.
946 1964 969 1995 l.

186 2015 220 2059 Δ)
247 2016 316 2046 Csr.
341 2015 393 2047 ed.
422 2015 550 2060 Reilep.
576 2030 646 2060 pag.
673 2017 748 2052 103.
773 2027 806 2050 ct
830 2018 904 2052 104.
929 2028 1000 2051 not.
1027 2017 1078 2052 18.

185 2073 216 2115 ⁵)
243 2071 330 2102 Edd.
357 2071 404 2104 M.
431 2071 639 2111 „videntur.“
736 2074 770 2119 ⁶)
795 2074 927 2108 Coloss.
955 2075 979 2114 l,
1005 2074 1056 2108 15.

185 2127 218 2169 ⁷)
245 2127 300 2160 Sic
327 2139 444 2159 omnes
468 2128 547 2160 Mss.
573 2129 664 2161 Alias
702 2131 749 2174 (v.
775 2144 801 2163 c.
828 2131 860 2162 in
886 2131 962 2162 edd.
986 2131 1052 2173 M.)
1087 2142 1221 2172 „natura

96 2173 160 2206 Dvi
186 2172 361 2204 invisibilis
387 2182 438 2205 est
460 2172 575 2213 alicui,
598 2183 631 2205 et
655 2174 726 2207 aliis
753 2175 889 2208 visibilis
915 2180 996 2209 est.“
1022 2177 1059 2208 R.

187 2228 220 2272 8)
247 2228 377 2261 Coloss.
407 2229 428 2268 l,
455 2230 507 2262 15.
600 2229 635 2272 ⁹)
661 2232 720 2264 Ev.
744 2232 864 2264 Joann.
890 2233 915 2271 l,
941 2231 992 2266 18.

168 2285 221 2328 ¹⁰)
246 2284 308 2317 Ed.
333 2285 380 2317 Μ.
409 2286 450 2321 ll.
478 2287 624 2331 „qu0d.“
