1404 2463
434 127 481 151 DE
505 117 698 152 ancwns
722 118 834 151 Lmen
857 118 881 152 1.
1174 120 1217 154 57

98 206 305 253 sapientiam.
354 206 572 249 intelligenda
605 215 652 239 est
688 220 765 250 ergo
792 206 895 240 virtus
919 206 1001 247 Dei,
1031 209 1138 252 qua¹)
1171 209 1219 241 vi-

97 278 162 311 get,
186 283 249 314 qua
275 269 386 302 omnia
411 268 552 301 visibilia
586 277 618 300 et
648 267 828 301 invisibilia
854 269 904 301 vel
921 268 955 313 ²)
987 268 1139 310 instituit,
1164 272 1217 303 vel

97 330 258 372 continet,
281 332 334 363 vel
357 331 527 373 gubernat,
552 342 635 375 quae
660 330 700 362 ad
727 329 838 363 omnia
854 329 1022 363 sufficiens
1047 341 1106 371 est,
1132 346 1219 377 quo-

94 403 170 424 rum
193 391 438 437 providentiam
461 392 556 434 gerit,
581 391 700 437 quibus
723 392 817 425 velut
829 392 864 437 3)
884 391 961 432 uni,
990 391 1038 425 ita
1063 393 1217 428 omnibus

94 453 199 489 adest.
244 452 351 499 Hujus
379 465 458 495 ergo
495 452 598 486 totius
629 453 759 486 virtutis
787 462 897 486 tantae
930 462 964 486 et
983 462 1051 486 tam
1076 455 1217 488 immen-

93 525 148 546 sae
173 526 287 559 vapor,
312 523 354 555 et,
377 523 415 547 ut
436 514 482 547 ita
505 514 624 554 dicam,
636 514 669 560 ⁴)
694 514 791 557 vigor
821 513 892 559 ipse
920 513 954 546 in
978 516 1116 560 propria
1139 518 1216 550 sub-

94 574 243 615 sistentia
273 576 430 616 effectus,
462 575 612 621 quamvis
644 589 682 609 ex
705 575 776 621 ipsa
801 575 922 608 virtute
946 576 1040 609 velut
1062 579 1216 612 voluntas

95 648 133 668 ex
156 645 266 670 mente
289 637 462 682 procedat,
486 647 598 672 tamen
622 647 655 672 et
677 637 749 683 ipsa
772 637 928 670 voluntas
952 635 1019 669 Dei
1042 637 1216 672 nihilomi-

95 710 156 731 nus
178 697 248 731 Dei
271 698 374 732 virtus
387 700 419 745 ⁵)
445 699 599 733 efficitur.
644 698 802 733 Efficitur
813 697 854 743 ὃ)
872 697 974 740 igitur
988 698 1089 732 virtus
1112 701 1217 734 altera

91 757 127 791 in
150 772 208 793 sua
231 760 439 805 proprietate
461 761 656 802 subsistens,
692 770 730 793 ut
759 760 805 794 ait
826 773 937 794 sermo
961 760 1166 806 Scripturae,
1182 763 1216 808 ⁷)

91 833 198 866 vapor
227 822 410 867 quidam⁸)
440 822 568 869 primae
601 832 634 856 et
663 822 828 865 ingenitae
864 821 995 855 virtutis
1024 823 1109 865 Dei,
1150 826 1216 858 hoc

91 883 229 928 quidem
254 885 344 930 quod
358 885 392 930 9)
417 895 484 926 est,
506 886 584 919 inde
606 884 756 918 trahens:
780 897 849 917 non
873 893 922 917 est
945 893 1057 917 autem
1081 888 1215 931 quando

88 957 158 977 non
181 945 295 979 fuerit.
341 946 378 981 Si
402 947 490 980 enim
515 947 587 992 quis
611 946 757 979 voluerit
780 945 891 979 dicere
916 945 1009 991 quasi
1031 947 1122 991 prius
1145 961 1215 981 non

91 1006 263 1050 exstiterit,
287 1009 345 1041 sed
369 1018 486 1054 postea
509 1009 550 1041 ad
574 1007 820 1040 subsistentiam
850 1007 997 1048 venerit,
1028 1008 1117 1042 dicat
1140 1023 1216 1043 cau-

90 1081 171 1110 sam,
195 1083 296 1115 quare
320 1070 377 1114 qui
402 1083 473 1103 eam
504 1069 682 1103 subsistere
706 1069 786 1101 fecit
809 1069 928 1109 Pater,
957 1078 1034 1103 ante
1057 1070 1122 1104 hoc
1145 1085 1213 1106 non

89 1131 217 1164 fecerit.
265 1131 369 1175 Quod
400 1131 428 1164 si
458 1132 595 1176 aliquod
612 1130 664 1174 ¹⁰)
688 1130 791 1164 semel
815 1129 948 1163 initium
973 1131 1121 1173 dederit,
1145 1147 1212 1178 quo

92 1193 191 1226 initio
216 1206 323 1239 vapor
347 1193 408 1226 iste
433 1206 470 1226 ex
496 1193 563 1225 Dei
588 1191 708 1224 virtute
732 1191 942 1236 processerit,
966 1192 1088 1226 iterum
1112 1194 1215 1228 inter-

90 1255 295 1298 rogabimus,
331 1268 432 1300 quare
463 1267 532 1287 non
565 1263 598 1287 et
621 1262 696 1286 ante
726 1252 812 1285 illud
845 1253 938 1298 quod
963 1253 1045 1287 dixit
1064 1255 1213 1290 initium:

183 1416 214 1461 ¹)
238 1415 295 1450 sic
319 1416 401 1449 Mss.
447 1416 485 1448 ln
512 1423 609 1448 antea
641 1413 738 1447 editis
770 1414 816 1459 (v.
844 1427 870 1447 c.
896 1415 970 1448 edd.
995 1416 1062 1461 M.)
1094 1418 1213 1452 desunt

90 1462 209 1494 verba:
235 1474 322 1506 „qua
345 1461 464 1504 viget.“
488 1461 528 1493 R.

181 1517 215 1563 ²)
239 1517 326 1551 Edd.
351 1518 400 1551 M.
427 1526 481 1559 „et
503 1516 657 1556 instituit,
681 1526 713 1549 et
737 1515 896 1556 continet,
920 1525 953 1549 et
976 1518 1167 1559 gubernat.“

182 1573 216 1618 ³)
241 1573 297 1608 Sic
322 1574 403 1607 Mss.
437 1572 528 1606 Alias
559 1573 606 1617 (v.
640 1585 666 1605 c.
698 1572 732 1605 iu
764 1573 838 1605 edd.
874 1573 943 1615 M.)
978 1573 1091 1613 „velut
1120 1576 1213 1609 unita

92 1618 247 1652 omnibus
271 1619 395 1651 adest.“
419 1619 459 1651 R.
555 1618 589 1662 ⁴)
613 1617 699 1650 Edd.
724 1618 771 1651 M.
798 1617 992 1659 ,‚dixerim.“

183 1676 217 1717 ⁵)
239 1675 322 1708 Post
345 1675 461 1707 verba:
495 1673 618 1715 „virtus
643 1673 832 1716 efficitur‚“
865 1673 899 1705 in
924 1682 1019 1706 antea
1043 1675 1140 1709 editis
1165 1677 1212 1722 (v.

93 1734 120 1754 c.
146 1721 222 1753 edd.
247 1720 313 1764 M.)
344 1721 514 1752 adduntur
546 1720 662 1751 verba:
704 1719 828 1760 „virtus
859 1719 977 1750 altera:
1013 1718 1058 1753 ita
1082 1722 1212 1755 dictum

91 1774 140 1798 est
163 1765 248 1798 sicut
269 1764 303 1798 in
328 1764 514 1807 evangelio:
545 1763 642 1796 Alius
667 1773 732 1804 est,
756 1764 813 1809 qui
836 1763 1068 1797 testimonium
1094 1767 1135 1799 de
1158 1781 1213 1801 me

89 1811 210 1843 reddet
232 1819 337 1854 pater.
383 1810 427 1842 Et
451 1811 492 1842 de
516 1809 634 1853 spiritu
657 1809 721 1841 ait:
751 1809 884 1842 Mittam
910 1809 1003 1841 vobis
1028 1811 1129 1844 alium
1154 1825 1214 1857 pa-

89 1856 285 1888 racletum.“
317 1855 385 1888 Sed
409 1856 491 1887 haec
515 1854 626 1886 omnia
652 1867 726 1886 cum
753 1855 861 1887 desint
884 1853 917 1886 in
943 1855 1097 1889 omnibus
1121 1858 1213 1902 Mss.,

93 1900 273 1933 resecanda
297 1912 365 1932 esse
389 1912 407 1931 e
430 1908 522 1932 textu
546 1900 709 1932 duximus.
734 1901 774 1932 R.

186 1957 219 1998 ⁶)
245 1955 382 1988 Exstant
403 1956 519 1987 verba:
553 1955 728 1996 „Efficitur
750 1954 851 1997 igitur
874 1973 935 1996 —-‚
965 1958 1023 1990 sed
1048 1957 1149 1991 virtus
1175 1972 1212 1992 ex

92 2001 213 2034 virtute
253 2000 393 2033 dicenda
427 2004 518 2039 est,“
555 2001 589 2032 in
623 2001 770 2044 Apolog.
801 2000 979 2045 Pamphili.
1019 2001 1088 2037 Cfr.
1121 2004 1212 2049 Opp.

93 2046 187 2088 Orig.
212 2046 265 2078 ed.
290 2046 329 2078 R.
354 2045 454 2078 Tom.
478 2046 536 2077 lv.
561 2046 747 2090 Appendic.
772 2059 843 2090 pag.
863 2046 917 2081 25.
943 2047 1021 2081 coll.
1039 2049 1091 2083 ed.
1107 2059 1212 2085 nostr.

92 2091 192 2125 Tom.
215 2091 339 2124 XXIV.
363 2102 437 2134 pag.
461 2089 537 2125 331.
559 2103 626 2134 seq.

185 2146 219 2191 ⁷)
244 2146 312 2180 Cfr.
337 2145 416 2190 Sap.
440 2145 506 2179 Sal.
531 2145 605 2185 Vll,
628 2145 681 2180 25.
776 2146 808 2191 8)
831 2146 921 2180 Edd.
946 2148 995 2181 M.
1020 2148 1211 2193 „quidem.“

187 2203 221 2246 ⁹)
245 2202 302 2235 Sic
325 2202 406 2236 Mss.
431 2201 521 2234 Alias
545 2202 589 2244 (v.
615 2214 642 2234 c.
666 2202 700 2234 in
726 2202 805 2236 edd.
822 2203 889 2245 M.)
916 2204 1030 2248 „quod
1055 2215 1103 2239 est
1127 2206 1212 2240 intra

96 2260 163 2288 ens,
185 2260 253 2280 non
279 2257 327 2280 est
352 2256 427 2280 ante
451 2247 606 2291 quando“
633 2256 695 2282 etc.
719 2248 760 2281 R.
803 2286 807 2290 ἱ

166 2304 219 2347 ¹⁰)
244 2303 303 2336 Ed.
332 2304 378 2337 M.
403 2304 427 2337 1.
454 2303 634 2347 ‚,aliquid.“
