1404 2463
470 109 514 132 DE
539 98 731 132 Pamcmns
755 99 868 130 Lmen
896 98 919 130 1.
1213 95 1256 131 37

129 189 240 222 tilium
272 189 417 222 rationes
448 188 710 232 assertionesque
740 187 890 232 recipiat.
948 187 1048 221 Unde
1087 187 1118 220 ei
1150 188 1253 220 virtus

127 250 335 284 memoriae?
372 251 416 283 Et
448 250 537 282 unde
562 249 592 282 ei
615 261 727 281 rerum
751 248 1012 293 invisibilium¹)
1043 250 1252 294 contempla-

126 312 199 344 tio?
229 312 328 344 Unde
361 321 449 344 certe
472 310 738 355 incorporalium
762 310 954 343 intellectus
976 322 1089 343 rerum
1113 310 1251 355 corpori

125 373 239 406 inest?
271 373 457 417 Quomodo
482 382 599 405 natura
623 385 789 417 corporea
813 372 1005 417 disciplinas
1028 371 1169 411 artium,
1198 385 1252 405 re-

122 449 197 468 rum
229 435 531 479 contemplationes
566 434 779 479 rationesque
812 434 977 468 rimatur?
1020 434 1120 467 Unde
1151 434 1251 466 etiam

122 496 234 529 divina
257 497 429 539 dogmata,
462 509 545 541 quae
576 496 749 529 manifeste
773 495 975 540 incorporea
998 505 1093 536 sunt,
1127 495 1251 529 sentire

123 571 160 591 ac
183 558 368 600 intelligere
391 558 532 603 potest?
561 557 634 591 Nisi
656 558 745 590 forte
770 557 890 602 aliquis
913 567 1020 603 putet,
1046 558 1139 602 quod
1163 557 1250 590 sicut

123 621 231 652 forma
253 619 315 653 ista
339 611 514 665 corporea,
539 629 573 652 et
595 619 728 652 habitus
751 618 823 664 ipse
847 620 977 652 aurium
993 620 1046 652 vel
1068 619 1249 652 oculorum

124 682 255 714 confert
278 681 408 726 aliquid
439 682 480 714 ad
515 681 719 714 audiendum
752 682 830 726 et2)
861 682 903 714 ad
928 681 1129 722 videndum,
1154 691 1188 714 et
1210 690 1249 714 ut

118 743 244 784 singula
267 744 429 783 membra,
453 756 537 788 quae
562 757 579 777 a
603 743 681 776 Deo
704 743 850 775 formata
872 752 966 783 sunt,
991 744 1116 776 habent
1129 744 1162 788 ³)
1188 744 1250 776 ali-

118 804 199 849 quid
232 805 495 850 opportunitatis
527 805 628 838 etiam
664 817 702 837 ex
738 804 811 849 ipsa
848 804 978 837 formae
1010 805 1172 850 qualitate
1204 807 1247 838 ad

117 867 194 906 hoc,
218 867 310 911 quod
334 879 429 908 agere
458 866 656 900 naturaliter
684 866 836 899 instituta
865 875 959 899 sunt:
990 866 1035 899 ita
1065 867 1165 900 etiam
1191 868 1247 900 ha-

115 928 224 961 bitum
251 928 400 968 animae,
442 928 498 963 vel
528 928 650 962 mentis
679 927 824 970 intelligi
857 928 980 960 debere
1009 928 1246 973 arbitretur,⁴)

116 990 209 1035 quasi
232 1000 310 1035 apte
332 991 586 1035 accomodeque
618 991 802 1022 formatum
828 990 870 1022 ad
893 989 975 1029 hoc,
1005 999 1044 1022 ut
1068 991 1110 1022 de
1134 990 1246 1033 singu-

115 1051 155 1084 lis
179 1051 299 1085 sentiat
329 1052 383 1084 vel
396 1053 429 1096 5)
452 1051 633 1094 intelligat,
664 1060 764 1096 atque
794 1060 831 1083 ut
843 1051 886 1095 ⁶)'
908 1051 1066 1085 vitalibus
1096 1052 1246 1085 motibus

115 1180 149 1213 id
174 1180 285 1213 solum
310 1179 498 1219 conficitur,
525 1179 706 1222 Origenern
730 1175 820 1225 juxta
835 1194 873 1214 ac
887 1180 1086 1213 Platonicos
1110 1189 1244 1225 putasse

117 1226 242 1258 animas
267 1238 436 1269 nunquam
462 1225 664 1278 corporibus
688 1226 827 1258 omnino
852 1225 988 1265 nudari,
1019 1226 1078 1258 sed
1110 1235 1245 1270 praeter

116 1284 260 1304 crassum
285 1270 350 1302 boc
381 1283 520 1314 corpus,
557 1284 626 1326 quo
656 1270 689 1303 in
724 1271 784 1303 bac
817 1270 883 1304 vita
912 1270 1116 1313 induuntur,
1147 1281 1241 1304 certo

115 1317 262 1360 quodam
294 1328 460 1348 connexas
491 1328 560 1348 esse
590 1315 680 1348 aerio
716 1328 877 1360 corpore,
913 1316 1006 1360 quod
1038 1329 1093 1348 eas
1115 1317 1242 1361 ubique

114 1362 276 1406 sequitur,
301 1361 393 1405 quod
415 1369 548 1392 servant
572 1360 671 1393 etiam
697 1361 854 1405 deposito
877 1361 1042 1401 crassiori,
1066 1363 1160 1406 quod
1183 1364 1242 1395 de·

112 1407 215 1452 nique
243 1415 381 1438 vocatur
404 1418 422 1437 a
445 1405 635 1452 porphyrio
660 1416 693 1439 et
716 1406 855 1439 Plotino
882 1406 1108 1451 ‚,spirituale‚“
1135 1417 1168 1440 et
1192 1408 1239 1440 in-

112 1454 215 1484 terius
247 1451 375 1484 animae
406 1450 651 1485 indumentum
711 1452 782 1484 lmo
815 1462 949 1504 praeter
979 1452 1104 1496 duplex
1134 1453 1240 1486 hocce

112 1511 254 1542 corpus,
288 1496 500 1540 Philoponus
530 1496 666 1529 tertium
697 1497 847 1539 agnoscit
876 1496 1030 1530 subtilius
1055 1507 1089 1530 et
1112 1499 1241 1542 purius,

113 1544 204 1587 quod
230 1553 327 1574 iocat
347 1544 452 1587 σῶμα
470 1542 656 1593 οὐράνιον,
670 1546 846 1585 αἰθέριον
864 1552 897 1575 et
914 1544 1111 1587 αὐγοειὸές
1131 1545 1241 1588 quod-

113 1602 177 1632 que
201 1588 371 1619 animabus
395 1579 522 1628 hibuit,
549 1601 632 1632 quae
656 1589 697 1620 ab
722 1588 899 1621 affectibus
916 1588 1089 1643 corporeis
1112 1589 1240 1621 liberae

112 1642 197 1665 sunt.
245 1633 386 1665 Proclus
411 1642 444 1664 et
468 1632 643 1665 Hierocles
673 1634 760 1665 illud
785 1643 906 1665 vocant
930 1632 967 1667 τὸ
993 1635 1243 1676 πνευματικὸν

115 1676 233 1722 ὄχημα
258 1680 316 1720 τῆς
340 1680 486 1730 λογικῆς
512 1681 638 1724 ψιχῆς.
672 1680 717 1712 At
741 1679 837 1711 valde
862 1678 1076 1731 peregrinum
1100 1679 1134 1711 in
1163 1681 1240 1712 Pla·

116 1723 306 1756 tonicorum
331 1723 463 1775 scriptis
488 1733 625 1768 oportet
658 1736 734 1755 eum
760 1737 848 1764 esse,
881 1724 939 1768 qui
969 1723 1003 1756 in
1035 1725 1141 1757 hocce
1178 1726 1239 1757 du-

114 1769 194 1812 plici
219 1768 381 1808 interiori,
406 1769 458 1800 vel
482 1769 644 1801 alterutro
670 1768 825 1801 vehiculo
851 1782 906 1802 eos
923 1769 1092 1813 putaverit
1109 1769 1239 1803 animae

113 1823 262 1846 naturam
288 1814 445 1857 posuisse.
461 1814 502 1847 R.
529 1834 570 1839 —
595 1815 664 1847 Cfr.
683 1815 736 1847 ed.
755 1815 883 1859 Redep.
909 1827 982 1859 pag.
1001 1814 1074 1849 101.
1099 1824 1170 1848 not.
1185 1816 1238 1850 32.

208 1870 239 1913 ¹)
264 1870 326 1901 Ed.
353 1870 402 1902 M.
428 1871 454 1903 l.
481 1869 716 1910 ‚,visibilium.“

204 1927 238 1966 2)
263 1924 319 1957 Sic
344 1924 422 1957 Mss.
450 1926 538 1958 Alias
569 1928 614 1970 (v.
641 1939 668 1959 o.
694 1926 727 1958 in
752 1927 828 1959 edd.
854 1927 920 1969 M.)
952 1927 1026 1967 „vel
1057 1928 1097 1958 ad
1123 1927 1238 1959 viden-

113 1972 204 2010 dum,
230 1979 266 2001 ut
288 1970 414 2010 singula
437 1973 598 2011 membra,
623 1992 675 2012 —-,
699 1972 842 2004 babeant
864 1972 1013 2017 aliquid“
1041 1981 1102 2005 etc.
1129 1973 1168 2005 R.
1196 1993 1235 1998 —

112 2018 180 2049 Clr.
206 2028 278 2060 pag.
304 2015 370 2059 buj.
396 2025 466 2048 not.
489 2016 520 2050 3.

203 2073 236 2115 ¹³)
265 2071 325 2103 Ed
351 2071 398 2103 Μ.
423 2073 447 2104 l.
475 2071 649 2112 „habent.“
677 2094 716 2099 —
742 2074 811 2107 Csr.
836 2087 909 2118 pag.
935 2074 1002 2119 huj.
1027 2084 1100 2112 not,
1123 2075 1154 2108 2.

205 2128 239 2171 ⁴)
268 2127 350 2158 Edd.
378 2127 424 2159 M.
451 2127 706 2167 „arbitrentur‚“

204 2184 237 2226 5)
262 2183 348 2214 Edd.
375 2184 422 2216 Μ.
442 2181 601 2228 ’,μιῑᾳυεύί

201 2241 237 2282 υ)
261 2240 316 2272 Sic
347 2241 423 2272 Mss.
452 2241 541 2273 Alias
574 2243 620 2284 (v.
649 2255 664 2272 c
701 2241 733 2273 in
760 2242 836 2274 cdd
862 2242 929 2284 M.)
964 2251 1018 2281 „nt
1052 2242 1085 2273 in
1117 2242 1238 2273 talibus

114 2285 280 2317 motibus“
308 2295 371 2318 etc
398 2287 436 2318 l'.
