1404 2463
163 71 208 105 40
642 72 818 104 uumerus

166 161 244 193 liter
270 159 376 193 videri
406 159 615 204 impossibile
653 169 710 193 est.
769 158 921 203 Quod¹)
955 158 982 190 si
1013 158 1164 203 requiras
1194 170 1212 191 a
1237 171 1302 206 me,

167 222 249 267 quid
274 222 375 254 etiam
400 222 442 254 de
467 221 542 266 ipso
567 220 751 263 Unigenito
776 221 935 260 sentiam,
967 219 1041 264 si²)
1072 232 1114 252 ne
1142 219 1208 265 ipsi
1231 219 1304 264 qui-

167 285 244 316 dem
270 282 485 328 visibilem³)
516 283 624 316 dicam
650 293 800 316 naturam
825 282 910 322 Dei,
941 294 1024 326 quae
1038 281 1072 326 ει)
1107 281 1304 314 naturaliter

167 345 346 378 invisibilis
380 355 447 378 est:
480 358 521 378 ne
536 346 569 389 ⁵)
595 345 657 378 tibi
681 345 794 378 statim
819 345 873 376 vel
898 344 1041 388 impium
1059 343 1210 376 videatur
1234 354 1304 375 esse

168 409 221 440 vel
245 408 445 449 absurdum3
475 406 642 439 rationem
655 406 688 451 ⁵)
720 407 844 451 quippe
870 405 1025 438 dabimus
1049 413 1304 449 consequenter.

171 470 279 503 Aliud.
299 479 349 502 est
374 470 498 510 videre,
532 468 671 511 aliud7)
699 469 966 512 cognoscere23)
999 466 1108 499 videri
1133 475 1166 499 et
1192 466 1304 498 videre

169 544 355 576 corporum
386 544 439 564 res
471 540 539 572 est3
579 530 736 572 cognosci
771 539 805 563 et
835 542 1039 571 cognoscere
1069 527 1305 561 intellectualis

168 603 306 626 naturae
332 602 390 626 est.
441 592 620 637 Quidquid
646 605 724 634 ergo
749 591 928 638 proprium
948 603 1131 635 corporum
1157 598 1216 630 est,
1239 589 1306 621 hoc

169 668 232 688 nec
257 656 299 687 de
323 655 422 687 Patre
447 663 515 694 est,
549 667 612 687 nec
644 654 685 686 de
708 653 803 686 Filio
835 653 1065 685 sentieddum:
1098 652 1190 696 quod
1224 664 1304 683 vero

169 718 211 749 ad
232 726 384 750 naturam
408 716 556 761 pertinet
580 715 730 756 deitatis,
762 716 827 747 hoc
850 714 939 759 int-er
961 714 1097 746 Patrem
1122 723 1156 746 et
1178 712 1306 746 Filium

173 789 313 813 constat.
360 778 519 822 Denique
558 777 658 810 etiam
694 777 765 821 ipse
806 776 838 808 in
875 775 1061 818 Evangelio
1101 788 1170 808 non
1212 775 1306 814 dixit,

267 920 299 963 ¹)
326 919 473 962 Ipsemet
497 918 638 950 Rufinus
664 917 787 949 invect.
818 917 844 949 l.
876 917 1033 948 adversus
1058 915 1306 967 Hieronymum

171 966 312 1003 fatetur,
350 963 452 995 fuisse
489 963 621 1007 „aliqua
647 963 748 994 verba
780 961 815 993 in
836 974 956 1003 graeco
977 961 1142 993 incautius
1165 961 1306 993 fortasse

171 1008 313 1054 posita‚“
352 1021 436 1053 quae
467 1007 720 1059 interpretando
753 1006 986 1045 declinaverit,
1019 1015 1076 1038 aut
1099 1006 1140 1038 ad
1165 1006 1307 1039 catholi-

173 1068 248 1087 cum
273 1066 406 1086 sensum
431 1052 611 1086 reduxerit.
658 1052 745 1084 Vide
770 1031 1004 1092 Origenianoi.
1031 1051 1089 1083 lib.
1113 1052 1153 1084 II.
1181 1060 1306 1096 ‹huaest

171 1098 491 1133 Il.num.17.18.
523 1098 562 1130 R.
590 1117 630 1122 —-
663 1096 759 1140 Quae
779 1097 930 1148 ‘quidem
963 1096 1062 1128 verba
1093 1065 1204 1140 qualia
1234 1097 1309 1129 fue-

170 1144 256 1184 rint,
287 1144 515 1189 Hieronymus
546 1156 608 1176 nos
639 1143 742 1175 docet
778 1141 812 1174 in
844 1151 939 1186 epist.
965 1141 1017 1176 38.
1028 1166 1036 1181 ,
1075 1141 1155 1174 alias
1179 1141 1234 1176 61.
1265 1142 1308 1174 ad

173 1170 364 1222 Partim-ach.
391 1198 424 1221 et
451 1189 593 1228 ocean„
616 1187 675 1220 ubi
700 1188 778 1220 loco
805 1200 940 1228 eorum,
965 1199 1050 1231 quae
1071 1186 1232 1238 deinceps
1257 1200 1308 1219 se-

176 1244 341 1279 quuntur,
379 1235 579 1267 verborum:
622 1232 810 1274 „rationem
845 1232 972 1276 quippe
1004 1231 1157 1265 dabimus
1188 1245 1308 1264 conse-

174 1282 347 1331 quenter,“
372 1279 454 1311 haec
478 1291 496 1311 e
521 1280 579 1311 lib.
606 1278 628 1311 l.
660 1281 744 1320 περὶ
769 1278 892 1322 ἅρχων
921 1278 1159 1328 proferuntur:
1191 1277 1310 1319 „Sicut

174 1338 264 1357 emm
296 1325 519 1366 incongruum
557 1332 605 1355 est
638 1323 767 1362 dicere,
799 1323 890 1366 quod
925 1322 1032 1366 possit
1062 1321 1169 1355 Filius
1193 1322 1308 1355 videre

172 1370 329 1409 Pati-,em
360 1369 406 1401 ita
437 1369 675 1401 inconveniens
702 1378 749 1400 est
774 1369 923 1412 opinari,
948 1367 1040 1410 quod
1067 1367 1213 1411 Spiritus
1237 1381 1310 1400 san-

176 1425 247 1447 ctus
271 1414 379 1459 possit
404 1414 515 1446 xideie
540 1413 679 1446 Filium.
687 1417 703 1432 ‘⁴
733 1414 802 1445 Csr.
819 1413 871 1444 ed.
889 1413 1020 1456 Redep.
1043 1425 1118 1456 pag.
1137 1412 1214 1447 103
1238 1426 1308 1457 seq.

173 1470 244 1493 not.
267 1460 318 1495 18.

267 1517 302 1559 2)
327 1516 413 1548 Edd.
439 1515 486 1547 M.
515 1515 561 1556 „si
585 1528 654 1546 non
680 1514 750 1558 ipse
776 1514 943 1557 quidem,«

268 1573 302 1616 3)
328 1572 390 1604 Ed.
416 1572 464 1604 M.
490 1571 513 1603 l.
540 1570 770 1612 ‚,visibiliter.“

267 1628 302 1671 ⁴²)
329 1628 386 1660 Sic
411 1628 492 1660 Blss.
520 1627 609 1659 Alias
634 1628 682 1671 (v.
708 1640 734 1658 c.
760 1625 792 1657 in
818 1627 894 1658 edd.
921 1626 986 1669 M.)
1015 1627 1126 1670 „qui.“

269 1685 302 1724 ⁵)
327 1684 439 1715 Rufin.
477 1683 673 1721 lnvect.1.‚
711 1681 827 1726 itemq.
860 1682 1015 1714 Martian.
1054 1683 1136 1726 (cfr.
1168 1683 1307 1717 Hieron.

176 1743 257 1773 opp.
282 1729 382 1761 Tom
410 1729 482 1770 lv.)
509 1741 598 1768 „non
624 1727 717 1759 tibist

269 1785 303 1836 6)
329 1784 469 1816 Rufinus
499 1785 623 1816 lnvect.
652 1785 673 1816 Ι.
704 1784 857 1815 adversus
888 1782 1134 1833 Hieronymum
1159 1785 1311 1836 queritur

174 1831 215 1861 ab
239 1829 384 1862 inimicis
408 1829 474 1862 suis
498 1830 648 1861 falsatam
674 1828 776 1860 fuisse
801 1829 866 1859 hoc
892 1828 969 1859 loco
995 1827 1310 1872 interpretationem

174 1888 285 1907 suam:
313 1875 401 1916 „Pro
429 1888 488 1913 eo,
511 1874 637 1918 inquit,
670 1874 761 1918 quod
787 1886 848 1904 nos
872 1872 1084 1916 sciipsimus:
1096 1878 1112 1894 “
1142 1877 1311 1909 rationem

177 1923 300 1964 quippe
324 1921 477 1953 dabimus
499 1926 761 1962 consequenter.
788 1917 1121 1962 ‚,i11iscripse1-unt;“
1148 1921 1224 1954 Non
1247 1922 1311 1954 tibi,

178 1967 293 1998 statim
317 1967 475 2010 impium,
509 1965 561 1997 vel
591 1965 774 1996 absurdum
806 1965 963 1996 rideatur
993 1976 1083 2005 esse,
1117 1967 1200 2009 quia
1222 1967 1312 1999 sicut

179 2012 273 2053 lilius
294 2017 430 2055 pat1em
453 2022 521 2043 mm
543 2011 643 2050 videl,
671 2011 720 2041 ita
744 2021 806 2042 nee
828 2010 972 2052 spuitus
989 2016 1129 2043 sanetus
1150 2011 1242 2044 videt
1264 2013 1311 2054 fi-

181 2057 274 2088 lium.
321 2057 447 2087 Verum
474 2068 536 2086 nec
561 2054 594 2086 in
621 2036 712 2086 libiis
737 2063 830 2085 antea
858 2053 972 2093 editis,
1002 2067 1064 2086 nec
1095 2054 1128 2086 in
1153 2055 1233 2089 Mss.
1258 2057 1311 2088 ul-

179 2102 248 2132 lum
273 2100 375 2133 hodie
400 2109 552 2144 superest
584 2099 750 2144 ejusmodi
774 2099 1031 2131 adulterationis
1056 2099 1240 2141 vestigium.
1267 2101 1310 2134 R.

181 2166 220 2170 -
243 2146 312 2180 Cfr.
327 2159 400 2190 pag.
415 2145 482 2190 huj.
507 2155 577 2178 not.
593 2146 622 2179 1.
649 2144 729 2176 coll.
756 2145 807 2176 ed.
826 2144 955 2188 Redep.
980 2156 1052 2188 pag.
1071 2144 1147 2180 103.
1173 2154 1243 2178 not.
1258 2145 1309 2180 18.

267 2202 299 2245 ⁷)
324 2202 410 2234 Edd.
438 2202 484 2234 M.
512 2200 623 2241 „aliud
650 2203 718 2232 est“
748 2209 809 2232 etc.

268 2258 301 2302 ῗ)
328 2258 436 2291 Rufm.
467 2258 589 2288 lnvect.
618 2257 638 2290 Ι.
667 2265 855 2288 constanter
881 2259 1072 2296 „noscere.“
