1404 2463
427 129 474 154 Dss
499 119 694 153 Pmnou‘us
719 120 833 155 Lmen
857 121 917 155 lV.
1184 122 1250 157 413

115 207 164 240 nit
180 207 210 251 ¹)
235 208 306 249 ine,
323 209 385 242 ,cui
397 209 432 254 ²)
457 207 644 253 repositum
671 217 729 243 est.
769 209 910 243 Constat
935 222 1024 252 ergn,
1048 211 1170 256 quia³)
1195 225 1249 244 ve-

114 269 163 301 nit
187 269 258 309 isse,
288 270 341 302 cui
365 269 553 315 repositum
578 277 639 308 est,
669 269 701 302 in
717 269 751 314 ⁴)
776 283 844 315 quo
870 271 1075 316 exspectatio
1101 273 1247 314 gentium

114 339 172 364 cst.
223 330 327 374 Quod
366 331 540 365 manifeste
579 330 713 363 videtur
745 331 925 377 impletum
958 334 999 365 de
1030 334 1248 367 multitudine

113 403 252 434 eorum,
292 393 349 438 qui
379 405 441 438 per
466 392 635 426 Christum
661 392 737 424 Deo
772 404 810 425 ex
835 393 977 428 diversis
1000 395 1154 437 gentibus
1179 409 1247 428 cre-

113 452 284 487 diderunt.

200 515 232 548 4.
281 515 349 548 Sed
381 524 414 548 et
444 515 478 548 in
502 515 766 548 Deuteronomii
791 515 920 548 cantico
946 529 1007 562 per
1031 517 1246 561 prophetiam

111 575 303 617 designatur
333 589 397 620 pro
430 576 574 621 peccatis
605 576 730 621 prioris
762 576 883 621 populi
915 577 1071 622 sutura⁵)
1098 591 1168 611 esse
1193 579 1244 611 in-

109 646 257 669 sensatae
282 637 386 679 gentis
410 638 552 682 elecpim
582 650 651 671 non
676 638 739 670 alia
764 638 882 683 utique
907 651 1005 683 quam
1031 639 1130 679 haer,
1161 651 1247 683 quae

110 710 173 741 per
205 698 374 740 Christum
408 699 495 744 facia
527 708 592 740 est;
629 699 675 732 sic
707 699 796 732 enirn
829 699 891 732 ait:
931 701 1243 741 „Exacerbaverunt

109 771 163 791 me
187 759 220 791 in
245 759 430 792 simulacris
457 760 534 800 suis,
560 769 592 793 et
617 773 678 803 ego
704 760 739 794 in
764 761 838 793 zelo
865 761 1044 795 concitabo
1069 775 1137 800 eos,
1163 762 1197 794 in
1211 763 1244 804 6)

107 830 204 861 gente
235 820 414 865 insipiente
446 821 585 854 irritabo
619 835 706 855 eos«
757 822 817 855 Est
849 836 928 865 ergo
961 824 1039 857 satis
1070 823 1245 856 evidenter

106 882 346 926 agnoscere,⁷)
380 884 668 927 quemadmodum
693 883 858 924 Hebraei,
891 884 949 929 qui
974 886 1086 917 Deum
1112 897 1243 918 exacer-

104 943 186 975 bare
198 944 233 988 ⁸)
266 943 424 977 dicuntur
456 944 490 976 in
515 944 583 986 his,
618 944 675 990 qui
700 957 767 977 non
793 955 870 978 sunt
894 946 958 987 dii,
996 955 1029 979 et
1041 947 1074 990 ⁹)
1098 946 1242 979 irritasse

200 1112 231 1154 ¹)
256 1111 313 1145 Sic
348 1111 428 1146 Mss.
460 1111 551 1144 Edit?
585 1113 631 1157 (v.
658 1125 685 1146 c.
712 1114 764 1146 ed.
790 1114 839 1148 M.
865 1113 906 1157 l)
942 1113 1104 1147 »veniet.“
1130 1114 1171 1147 R.
1199 1133 1240 1138 —

103 1167 165 1200 Ed.
192 1168 240 1202 M.
265 1168 309 1201 ll.
336 1168 518 1209 „venerit.“
568 1168 671 1212 Apol.
698 1168 837 1213 Pamph.
863 1168 932 1203 loc.
959 1169 1049 1205 laud.
1074 1169 1239 1211 ‚,veuiat.“

196 1223 230 1266 ²)
254 1225 357 1268 Apol.
384 1224 525 1269 Pamph.
552 1224 618 1258 loc.
644 1223 734 1260 laud.
758 1224 837 1265 „cui
861 1225 1103 1269 repromissum
1128 1229 1209 1259 est.“

194 1279 228 1324 ³)
254 1279 317 1312 Ed.
346 1280 394 1314 ὟΙ.
422 1281 462 1313 ΙΙ.
489 1280 636 1325 „quod.“

195 1334 228 1378 ⁸²)
255 1335 388 1368 Ruaeus
415 1337 515 1380 Apol.
542 1335 682 1380 Pamph.
710 1335 774 1370 loc.
801 1335 891 1368 laud.
915 1335 950 1368 in
975 1336 1079 1368 notis:
1119 1335 1239 1377 „Desi-

102 1380 262 1412 derantur
291 1380 325 1412 in
355 1381 513 1413 omnibus
537 1390 605 1413 tam
631 1379 748 1421 editis
782 1393 882 1424 quam
907 1381 987 1414 Mss.
1014 1380 1081 1424 huj.
1108 1382 1161 1425 Ap
1159 1382 1241 1413 olo-

100 1424 190 1466 giae‚
227 1425 285 1457 sed
317 1434 443 1458 exstant
467 1426 501 1458 in
527 1425 685 1458 omnibus
711 1425 820 1458 Codd.
847 1425 979 1479 (ite'mq.
1006 1427 1082 1459 edd.
1109 1395 1174 1469 ΜΡ)
1200 1426 1240 1457 Ιί-

97 1470 190 1502 hror.
217 1472 300 1516 πιρὶ
325 1470 459 1514 αρχῶν,
484 1480 518 1503 et
542 1470 576 1503 in
602 1470 736 1503 Graeco
761 1470 878 1503 verba:
903 1473 942 1504 in
966 1484 1031 1516 quo
1054 1478 1237 1516 exspecta—

99 1516 146 1548 tio
166 1517 319 1559 gentium
343 1519 425 1549 est.“

191 1570 224 1614 ⁵)
249 1571 384 1604 Ruaeus
410 1571 512 1615 Apol.
531 1571 673 1622 Pamph.
701 1570 766 1603 loc.
792 1571 882 1603 laud.
909 1571 942 1603 in
966 1571 1075 1604 notis:
1103 1572 1235 1613 „Codd.

99 1615 309 1649 sorbonicus
347 1625 379 1648 et
410 1617 446 1650 S.
473 1584 637 1649 Michaelp
657 1615 690 1647 in
726 1615 882 1659 periculo
922 1617 1040 1648 maris:
1079 1619 1237 1659 futuram

98 1673 170 1694 esse
209 1662 406 1694 insensatae
442 1662 556 1705 yemis
586 1661 781 1694 electionem
814 1661 872 1705 (al.
904 1662 1137 1705 delectionem)
1169 1674 1237 1695 non

98 1707 206 1739 aliam
229 1707 347 1749 utique
372 1715 435 1739 etc.
484 1705 553 1738 Sed
586 1704 689 1737 ceteri
714 1705 795 1740 Mss.
822 1714 856 1737 et
881 1706 979 1745 editi,
1015 1719 1076 1738 nec
1100 1719 1169 1738 non
1195 1706 1235 1738 li—

96 1750 150 1782 bri
174 1753 257 1795 περὶ
283 1751 409 1795 ἀρχῶν
432 1759 469 1783 ut
492 1750 526 1782 in
551 1759 669 1782 nostro
694 1758 797 1783 textu.
825 1770 865 1776 --
890 1751 1157 1791 Deut.XXX11,
1180 1751 1235 1785 21.

187 1806 222 1849 ⁶)
248 1806 384 1838 Ruaeus
418 1805 520 1850 Apol
554 1805 697 1848 Pamph.
732 1805 798 1839 loc.
833 1806 922 1839 laud.
955 1806 989 1838 in
1025 1815 1136 1839 textu·
1179 1805 1235 1847 „in

95 1860 193 1893 gente
223 1850 402 1895 insipiente
439 1851 580 1883 irritabo
611 1851 724 1891 illos‚«
757 1850 792 1883 in
823 1851 928 1884 notis:
968 1851 1236 1892 „Desiderantur

95 1896 177 1928 haec
201 1896 335 1928 verba
326 1909 361 1927 m
389 1895 486 1928 editis
512 1905 545 1929 et
569 1895 649 1928 Mss.
673 1895 817 1938 nost1-is;
857 1897 915 1929 sed
947 1895 1172 1928 restituuntur
1196 1909 1234 1928 ex

97 1941 254 1973 omnihus
280 1940 390 1974 Codd.
417 1941 534 1974 libror.
558 1943 643 1984 περὶ
667 1939 802 1986 ἀρχῶν,
827 1950 860 1974 et
885 1954 925 1974 ex
951 1941 1118 1974 Graeco.“

190 2002 224 2046 ⁷)
248 2002 383 2034 Ruaeus
410 2002 510 2046 Apol.
535 2001 677 2046 Pamph.
703 2001 768 2035 loc.
794 2002 883 2036 laud.
914 2002 948 2035 in
978 2001 1085 2035 notis:
1121 2001 1234 2034 »Editi

94 2070 274 2104 perperam
299 2058 440 2091 habent:
466 2059 671 2091 ostendere«

185 2119 221 2163 8)
246 2119 309 2152 Ed.
335 2119 382 2152 M.
410 2120 466 2162 ll„
499 2119 615 2163 itemq.
642 2118 745 2164 Apol.
770 2118 912 2163 Pamph.
938 2119 1004 2152 loc.
1037 2119 1128 2153 laud.
1158 2131 1233 2151 »ex-

93 2176 298 2209 acerbasse.«

186 2236 220 2281 ⁹)
247 2236 309 2269 Ed.
337 2237 383 2269 M.
404 2237 433 2269 1:
455 2246 508 2279 „et
533 2236 697 2269 irritasse:
723 2249 799 2268 cum
824 2235 858 2268 in
883 2235 1070 2270 simulacris
1095 2236 1162 2269 suis
1186 2236 1230 2268 ir-

93 2293 184 2326 ritati
209 2292 294 2326 sint“
322 2301 382 2325 etc.
