1404 2463
154 106 195 141 10
535 103 726 137 Pnomcns
752 103 885 136 Rurmt.

152 197 217 234 bat,
232 194 264 238 ¹)
287 192 402 238 inopia
426 193 588 226 sermonis
611 194 716 225 nostri
741 194 840 235 longe
858 193 972 237 esse²)
995 191 1135 224 inferior
1159 191 1271 224 videa-

152 267 213 289 tur.
261 255 365 298 Quod
379 255 413 298 ³)
438 266 498 296 ego
531 265 628 297 saepe
662 256 871 288 considerans
900 254 1101 292 reticebam,
1124 265 1186 285 nec
1214 253 1272 284 de-

150 317 361 362 precantibus
392 328 445 347 me
476 317 670 359 frequenter
694 315 726 348 in
740 317 772 361 ⁵)
799 317 863 349 hoc
887 315 1042 348 fratribus
1067 314 1268 347 annuebam:

151 380 208 412 sed
231 389 287 411 tua
311 378 370 417 vis,
393 377 587 409 fidelissime
612 378 712 409 frater
736 378 872 417 Macari,
900 387 992 410 tanta
1017 386 1074 418 est,
1100 375 1154 409 cui
1177 375 1269 408 obsi-

150 452 235 474 stere
258 453 299 473 ne
323 439 491 484 imperitia
524 438 659 483 quidem
688 449 809 483 potest.
857 440 1002 484 Propter
1033 438 1142 483 quod,
1171 449 1212 469 ne
1236 445 1292 468 te-

149 504 236 535 nltra
265 503 442 545 gravem⁵)
474 510 604 544 paterer
635 511 839 540 exactorem,
876 501 976 534 etiam
1001 510 1115 533 eontra
1128 500 1162 544 6)
1187 511 1270 543 pro-

149 564 295 608 positum
319 576 431 595 meum
456 562 554 595 cessi:
582 575 619 595 ea
642 572 754 595 tamen
777 563 849 605 lege
874 562 1020 607 atque7)
1045 575 1085 594 eo
1115 560 1189 606 (46)
1215 573 1270 592 or-

152 627 239 665 dine,
261 635 298 657 ut
324 634 484 669 quantum
509 624 582 656 fieri
605 634 733 668 potest,
757 625 1007 669 interpretando
1032 635 1151 668 sequar
1173 635 1270 664 regu-

149 689 213 720 lam
238 699 506 731 praecessorum,
539 696 571 718 et
595 685 663 729 ejus
689 686 868 730 praecipue
894 686 974 724 viri,
1003 686 1094 730 cujus
1118 684 1270 729 superius

148 750 287 782 fecimus
318 748 544 780 mentionem:
585 747 641 792 qui
675 761 750 780 cum
779 748 866 780 ultra
898 748 1104 792 septuaginta
1134 746 1269 779 libellos

149 810 318 853 Origenis,
344 822 427 854 quos
451 809 708 852 l1umileticos⁸)
733 810 931 854 appellavit,
956 809 1146 854 aliquantos
1169 808 1268 842 etiam

149 874 189 905 de
221 871 320 904 tomis
352 872 386 903 in
416 869 621 914 Apostolum*
649 870 780 914 scriptis
814 870 1035 903 transtulisset
1057 870 1092 903 in
1117 870 1269 911 latinum,

149 934 180 966 in
207 934 326 978 quibus
350 945 426 964 cum
450 931 618 976 aliquanta
632 932 836 965 offendicula
859 931 1068 965 inveniantur
1083 932 1117 964 in
1140 945 1271 974 graeco,

148 996 192 1027 ita
217 994 368 1027 elimavit
393 992 504 1025 omnia
528 993 778 1037 interpretando
803 1003 902 1038 atque
926 993 1095 1038 purgavit,
1125 1003 1163 1026 ut
1185 993 1270 1026 nihil

146 1058 178 1089 in
203 1057 280 1096 illis,
305 1055 397 1100 quod
421 1068 439 1088 a
461 1055 528 1087 fide
552 1063 665 1087 nostra
689 1055 866 1099 discrepet,
878 1056 912 1100 ⁹)
944 1055 1065 1089 latinus
1089 1056 1197 1089 lector
1219 1055 1268 1100 in·

240 1213 273 1256 ¹)
299 1213 355 1245 Sic
381 1212 488 1244 Codd.
515 1211 649 1256 Corbej.
674 1211 802 1253 Remig.
829 1221 860 1244 et
894 1212 1120 1245 Colbertinus.
1153 1212 1271 1246 Met-li-

146 1272 217 1297 nus,
244 1257 466 1289 Martianaeus
491 1265 524 1288 et
548 1256 634 1288 Cod.
658 1257 852 1289 monasterii
877 1258 918 1289 de
941 1267 1058 1290 monte
1082 1257 1270 1291 53116ῑίΜί-

147 1304 281 1336 chafflis:
311 1300 595 1346 »comprobavit.«
622 1302 663 1334 R.

235 1359 270 1402 ²)
296 1359 402 1390 Deest
425 1370 534 1389 »esse«
560 1357 593 1389 in
619 1357 669 1390 ed.
694 1358 945 1401 Redepenning.

236 1414 270 1456 3)
297 1413 354 1447 Sic
379 1426 494 1445 omnes
519 1412 597 1445 Mss.
623 1422 655 1445 et
684 1413 918 1446 Martianaeus.
948 1413 1112 1446 Merlinus
1142 1423 1176 1446 et
1202 1413 1269 1447 Ge-

146 1459 345 1491 nebrardus:
374 1458 499 1501 »Quod
524 1470 584 1500 ego
609 1457 740 1502 saepius
772 1459 983 1491 considerans
1006 1459 1208 1499 reticebam,
1235 1469 1268 1492 et

145 1504 398 1549 deprecantibus
421 1516 475 1535 me
499 1523 541 1529 —
565 1502 722 1535 fratribus
745 1516 813 1535 non
837 1506 1054 1536 annuebam.«
1079 1505 1118 1537 R.

236 1561 270 1603 4)
293 1560 517 1593 Martianaeus
542 1559 720 1603 (cfr.0pp.
743 1560 882 1593 Hieron.
908 1560 1006 1592 Tom.
1023 1559 1097 1604 IV.)
1124 1560 1179 1592 »in
1202 1561 1269 1593 boc

143 1619 226 1650 opus
241 1622 257 1636 u

237 1663 270 1706 ⁵)
295 1661 518 1695 martianaeus
550 1660 626 1703 (cfr.
653 1659 742 1704 Opp.
769 1659 907 1692 Hieron.
941 1658 1039 1694 Tomi
1061 1661 1117 1694 IV.
1151 1670 1183 1694 et
1209 1661 1266 1706 V.)

148 1717 233 1740 ”tam
259 1719 423 1750 gravem.((

236 1763 269 1807 ⁶)
294 1763 345 1795 Ita
377 1775 491 1794 omnes
526 1761 606 1794 ¹Mss.
640 1771 671 1793 et
695 1761 928 1795 Martianaeus.
977 1762 1021 1793 At
1044 1762 1210 1795 Merlinus
1236 1773 1268 1795 et

146 1808 397 1842 Genebrardus:
422 1807 522 1839 »citra
546 1806 791 1850 propositum:«
816 1807 854 1839 R.

239 1865 270 1907 ⁷)
296 1864 352 1897 Sic
380 1875 495 1895 omnes
519 1862 598 1895 Mss.
625 1872 658 1894 et
680 1861 913 1895 Blattianaeus.
938 1862 1072 1896 Merlin.
1099 1872 1131 1895 et
1154 1864 1266 1897 Gene-

99 1948 102 1951 γ
146 1910 253 1942 baud,
283 1918 400 1953 »atque
426 1907 561 1946 ordine,
592 1907 625 1938 in
656 1917 813 1951 quantum
844 1907 917 1939 {ieri
939 1916 1071 1951 potest,
1102 1909 1266 1953 interpre-

144 1955 244 1987 tando
270 1967 392 1998 sequor
415 1953 561 1994 regulam
585 1965 865 1995 praecessorums(
892 1952 932 1985 R.

236 2009 269 2053 Β)
296 2010 345 2041 lta
371 2008 602 2042 Martianaeus.
651 2008 689 2039 In
715 2007 867 2040 omnibus
893 2008 1123 2050 Mss.legitur:
1152 2023 1263 2041 »ome-

144 2055 285 2094 liticos,«
311 2064 466 2098 corrupte
492 2066 570 2097 pro:
606 2052 868 2091 »homileticos,«
903 2053 971 2085 vel:
1009 2053 1261 2086 »homiliticos«

144 2100 276 2134 Merlin.
310 2109 342 2131 et
374 2098 578 2131 Genebrard.
610 2098 712 2130 male:
748 2098 1019 2130 „homiliaticoss-
1055 2099 1094 2131 R.
1128 2121 1170 2128 —-
1202 2099 1263 2131 Ed*

145 2148 191 2179 M.
219 2146 242 2177 l.
271 2144 518 2182 »horniliatos,«
554 2144 604 2175 ed.
629 2143 676 2175 M.
702 2144 760 2182 ll.‚
793 2144 904 2188 itemq.
934 2143 1156 2176 Martianaeus
1187 2144 1264 2187 (cf1.

120 2192 235 2235 'Opp.
273 2189 408 2222 Hieron.
442 2189 541 2223 Tom.
561 2189 616 2230 V.)
646 2188 931 2220 »homiliatieos.«
983 2189 1074 2221 ldem
1108 2189 1262 2221 Marti-m.

146 2237 222 2278 (cfr.
248 2236 337 2279 Opp.
363 2234 501 2267 Hieron.
527 2234 625 2265 Torn.
643 2234 714 2274 lV.)
743 2233 995 2265 „homiliticosu

233 2291 277 2334 ¹³)·
294 2291 352 2322 Ed.
379 2290 426 2322 Μ.
453 2291 477 2322 l.
504 2288 718 2332 »discrepat«
