1404 2463
395 125 440 148 DE
466 115 662 148 ancn‘ns
686 116 800 148 LmER
828 116 884 148 111.
1147 114 1212 151 353

62 205 290 249 regnandique
324 197 497 248 boi-ruptas
529 203 673 236 restituit
700 204 804 245 leges,
843 205 923 236 dum
953 217 1069 236 omnes
1095 204 1206 236 inimi—

63 279 119 298 cos
144 265 287 310 subjecit
305 267 336 308 ¹)
361 266 506 309 pedibus
530 265 615 304 suis,
641 265 723 308 ut'2)
750 278 811 307 per
839 266 924 304 hoc,
951 266 1042 308 quod
1069 278 1204 298 necesse

63 337 110 359 cst
136 340 213 359 eum
240 339 388 369 regnare,
414 327 522 358 donec
548 335 651 370 ponat
677 325 832 358 inimicos
857 339 936 358 suos
961 328 1023 358 sub
1048 320 1204 369 pedibus,

63 398 94 420 ot
118 388 338 421 novissimum
363 387 537 419 inimicum
563 388 711 418 destruat
736 397 900 427 mortem,
937 396 1086 420 rectores
1110 388 1202 431 ipsos

62 449 197 490 regendi
230 449 350 480 doceat
381 448 622 479 moderamina.
673 446 762 490 Quia
799 460 877 489 ergo
911 462 978 481 non
1010 449 1121 481 solum
1152 462 1203 481 re-

60 509 158 550 gendi
186 509 239 540 vel
263 509 482 552 regnandi,³)
508 521 623 540 verum
637 509 669 552 ⁴)
696 509 796 540 etiam
823 509 1024 552 obediendi,
1057 519 1092 542 ut
1118 510 1202 542 dixi-

59 583 151 608 mus,
187 579 322 602 venerat
353 582 508 613 reparare
541 569 774 613 disciplinam,
812 570 844 601 in
877 571 1082 614 semetipso
1109 570 1201 614 prius

60 631 234 675 compiens
260 631 350 674 quod
379 631 419 661 ab
435 630 566 674 ⁵)'aliis
592 631 730 662 volebat
756 630 903 674 impleri,
929 631 1058 663 idcirco
1072 632 1106 674 ⁶)
1132 644 1199 664 non

59 691 169 724 solum
194 703 300 735 usque
332 692 372 723 ad
398 701 542 723 mortem
570 691 676 723 crucis
703 692 793 723 Pau-i
820 691 983 724 obediens
1009 693 1115 725 sactus
1140 702 1199 731 est.

60 764 174 784 verum
211 753 309 784 etiam
346 752 379 784 in
419 752 710 785 consummatione
748 753 872 784 saecuti
913 753 945 785 in
984 763 1090 786 semet
1123 753 1198 798 ipso

60 813 289 856 complectens
322 826 458 853 omnes,
501 826 585 858 quos
617 813 751 857 subjicit
767 813 799 858 τ)
832 814 940 854 Patri,
977 824 1010 846 et
1049 814 1107 859 qui
1139 828 1200 859 per

59 886 134 905 eum
167 875 305 906 veniunt
318 874 350 919 ‘⁵)
389 876 429 907 ad
462 875 623 916 saluti-m,
663 887 739 906 cum
772 875 852 918 ipsis
885 885 916 907 et
950 875 983 907 in
1012 876 1092 919 ipsis
1126 876 1197 920 ipse

59 948 194 979 quoque
234 935 404 980 subjectus
444 935 565 967 dicitur
597 935 706 967 Patri:
747 936 873 977 dumfi)
912 935 1024 967 onmia
1057 936 1090 968 in
1122 936 1196 980 ipso

59 1005 229 1038 constant,
263 1006 293 1028 et
318 997 390 1041 ipse
418 1007 466 1029 est
493 1006 589 1041 caput
617 997 787 1036 omnium,
821 1006 853 1028 et
878 997 910 1028 in
936 997 1010 1040 ipso
1038 1006 1086 1029 est
1109 997 1198 1030 salus

56 1066 89 1089 et
113 1057 254 1089 salutem
282 1058 559 1102 consequentium
585 1058 776 1101 plenitudo.
815 1058 890 1090 Hoc
917 1070 994 1099 ergo
1017 1068 1076 1097 ost,
1104 1059 1197 1102 quod

57 1119 98 1150 de
131 1131 172 1150 co
205 1118 288 1151 dicit
312 1120 503 1164 apostoius:
540 1120 718 1161 „Cum¹⁰)
746 1128 856 1150 autem
890 1119 919 1150 ei
952 1118 1100 1164 subjecta
1125 1120 1198 1151 fue-

55 1180 123 1211 rint
149 1179 273 1220 omnia,
299 1190 378 1213 tunc
405 1190 435 1212 et
463 1181 534 1224 ipse
557 1180 667 1213 Filius
692 1179 862 1224 subjectus
888 1179 950 1211 erit
975 1180 1018 1220 ei,
1051 1180 1107 1224 qui
1131 1180 1195 1213 sibi

57 1241 232 1274 subdidit¹
249 1242 278 1286 ¹)
304 1241 428 1283 omnia,
450 1251 487 1274 ut
512 1241 554 1274 sit
579 1242 672 1274 Deus
699 1241 811 1274 omnia
835 1241 869 1273 in
896 1241 1085 1273 omnibus.“
1133 1276 1136 1278 ,

155 1409 186 1450 ¹)
210 1407 296 1439 Edd.
330 1408 376 1439 Μ.
410 1407 574 1451 „subjecit
605 1409 668 1439 sub
699 1408 875 1450 pedibuS.“
902 1426 944 1430 —-—
980 1407 1048 1440 Cfr.
1077 1407 1086 1438 Ι
1115 1408 1192 1440 Cor.

56 1455 132 1494 XV,
157 1453 210 1486 25.
236 1465 328 1496 seqq.
356 1452 434 1484 coll.
462 1452 584 1484 Psalm.
613 1452 684 1490 CX,
711 1452 740 1485 1.
815 1452 848 1496 ²)
874 1451 936 1483 Ed.
964 1452 1011 1483 M.
1040 1452 1061 1484 Ι,
1090 1456 1177 1493 „et.“

145 1509 180 1551 3)
205 1507 262 1541 Sic
289 1508 368 1540 Mss.
396 1507 486 1539 [diti
513 1521 592 1539 vero
621 1507 666 1551 (v.
694 1520 719 1538 c.
747 1507 822 1538 edd.
838 1507 905 1550 M.)
933 1507 1134 1548 ‚,d0cendi.“
1151 1508 1190 1540 R.

54 1573 96 1579 -—
123 1553 192 1586 Cfr.
218 1553 430 1596 ed..Redep.
456 1565 529 1596 pag.
557 1551 632 1586 313.
658 1560 728 1583 not.
756 1551 807 1585 12.

146 1609 179 1651 ¹²)
197 1608 285 1641 Edd.
305 1609 352 1641 M.
381 1620 515 1639 »verum
542 1608 641 1639 ctiam
668 1607 851 1639 obediendi
877 1616 1011 1639 venerat
1036 1620 1191 1652 reparare

53 1653 277 1698 disciplinam,
300 1662 337 1684 ut
365 1652 525 1690 diximus,
550 1651 585 1683 in
609 1660 715 1684 semet
739 1651 835 1695 ipso“
864 1661 926 1685 etc.
952 1652 991 1684 R.

146 1710 178 1752 ⁵)
203 1709 293 1742 Edd.
318 1708 366 1740 M.
395 1707 449 1748 „in
474 1707 580 1741 aliis.“

144 1764 178 1806 6)
205 1763 292 1794 Vide
317 1762 374 1796 lib.
403 1765 442 1797 Η.
468 1762 707 1805 Origenianon
734 1771 860 1807 quaest.
877 1762 936 1794 ΧΙ.
963 1775 1053 1795 num.
1081 1763 1131 1797 16-
1150 1784 1188 1789 —-

50 1808 199 1852 Philipp.
226 1809 268 1847 ll,
290 1807 322 1841 8.
789 1846 791 1849 ¹

147 1864 177 1905 7)
204 1862 260 1895 Sic
287 1863 364 1895 Mss.
399 1864 436 1894 ln
461 1863 558 1894 editis
585 1864 629 1906 (v.
657 1876 683 1894 c.
711 1863 788 1894 edd.
816 1863 880 1906 Μ.)
913 1861 1054 1902 legitur:
1090 1864 1188 1902 „sub-

55 1908 165 1954 jechf‘
191 1908 232 1940 R.
258 1927 299 1933 ——
328 1908 398 1940 Csr.
425 1910 477 1940 cd.
503 1908 632 1951 Redep.
660 1920 732 1952 pag.
758 1907 834 1941 313.
860 1916 930 1939 not.
957 1907 1008 1940 17.

144 1964 178 2007 S)
205 1962 262 1995 Sic
288 1962 367 1995 Mss.
393 1963 429 1995 In
455 1962 554 1995 editis
580 1963 626 2007 (v.
655 1976 681 1995 c.
709 1963 785 1995 edd.
813 1963 877 2006 Μ.)
904 1961 1040 2003 legitur:
1068 1974 1186 2002 „vene-

49 2012 158 2042 =·unt.“
187 2008 225 2040 R.

144 2063 176 2106 9)
203 2062 259 2095 Sic
286 2063 366 2095 Mss.
391 2062 483 2094 Editi
507 2062 553 2106 (v.
580 2076 605 2095 c.
633 2063 710 2095 edd.
736 2063 802 2103 M.)
836 2062 938 2103 „dum
969 2062 1082 2095 omnia
1107 2075 1187 2094 con-

49 2118 146 2146 stant,
172 2117 204 2139 et
229 2108 300 2150 ipse
326 2117 373 2139 est
400 2116 520 2151 caput:
547 2107 647 2139 etiam
671 2107 743 2150 ipse
769 2116 817 2139 cst
841 2107 930 2139 salus
947 2109 1088 2139 salutem
1107 2120 1187 2139 con-

48 2152 258 2198 sequentium
284 2152 496 2196 plenitudo.“
522 2152 561 2184 R.

123 2209 175 2251 ¹⁰)
204 2209 212 2239 l
242 2208 311 2240 Cor
341 2207 418 2246 XV,'
439 2207 491 2241 28.
519 2207 600 2242 coll.
626 2208 677 2239 cd.
697 2207 826 2250 Redep.
852 2219 927 2250 pag.
944 2206 1021 2241 313.
1039 2216 1110 2242 not.
1131 2206 1184 2241 23.

124 2264 177 2307 ¹¹)
202 2263 265 2296 Ed.
294 2264 339 2294 M.
369 2264 390 2295 l.
420 2262 586 2304 „subdit.“

93 2330 271 2363 Omma-ms
299 2329 427 2363 OPERA
455 2331 550 2363 Toni.
574 2330 669 2363 XXI,
832 2329 836 2332 “
940 2329 982 2361 ἓᾶ
