1404 2463
416 112 462 135 DE
487 102 685 135 ancn’ns
709 102 821 134 LIBER
845 101 869 133 1.
1167 100 1207 135 41

85 193 162 238 quia
177 192 208 237 ¹)
232 204 332 225 nemo
358 191 442 225 vidit
463 192 597 224 Patrem
621 190 684 222 nisi
707 189 831 230 Filius,
863 202 972 233 neque
996 189 1123 222 Filium
1148 190 1212 222 nisi

85 257 208 296 Pater3
232 255 290 287 sed
314 255 376 286 ait:
403 255 532 295 „Nemo
546 254 580 296 2)
605 252 700 284 novit
723 251 850 284 Filium
874 251 937 283 nisi
962 251 1077 291 Pater,
1102 265 1210 296 neque

84 318 219 351 Patrem
250 316 324 361 quis
348 315 443 348 novit
466 314 529 347 nisi
552 314 693 348 Filius.“
743 313 792 346 Ex
825 326 891 358 quo
923 312 1098 345 manifeste
1123 314 1210 346 indi-

87 389 197 419 catur,
227 379 318 423 quod
349 376 514 421 quidquid
551 375 639 408 inter
668 384 800 408 naturas
831 387 1011 419 corporeas
1043 374 1150 407 videri
1180 385 1213 408 et

85 441 198 474 videre
231 439 372 478 dicitur,
407 438 472 470 hoc
502 437 588 470 inter
619 437 755 470 Patrem
788 447 820 469 et
849 437 976 469 Filium
1011 449 1212 478 cognoscere

87 502 210 535 dicitur
232 514 264 535 et
289 499 464 542 cognosci,
496 512 557 544 per
587 499 745 531 virtutem
770 498 936 538 scientiae,
959 511 1028 531 non
1052 511 1113 543 per
1137 498 1214 531 visi-

85 564 222 597 bilitatis
245 562 469 605 fragilitatem.
517 560 607 604 Quia
630 560 734 602 igitur
750 561 792 592 de
816 560 1018 604 incorporea
1039 569 1155 593 natura
1181 570 1214 593 et

86 625 263 664 invisibili,
291 636 354 656 nec
378 623 491 655 vider‘e
515 621 655 667 proprie
679 621 823 662 dicitur,
852 634 915 654 nec
939 621 1058 655 videri:
1083 622 1212 655 idcirco

87 699 196 732 neque
216 686 318 719 Pater
341 698 359 717 a
377 684 482 724 Filio,
505 696 613 728 neque
631 683 739 716 Filius
764 697 782 716 a
797 683 898 716 Patre
923 682 1029 716 videri
1052 683 1087 716 in
1101 684 1213 717 Evan-

86 748 174 791 gelio
200 747 333 788 dicitur,
357 746 416 779 sed
440 745 607 788 cognosci.

171 809 202 844 9.
251 808 358 852 Quod
387 807 414 840 si
446 816 616 852 proponat
645 806 743 838 nobis
774 805 912 851 aliquis,
952 819 1053 851 quare
1085 807 1214 840 dictum

86 880 152 903 est:
178 871 341 915 „Beati³)
373 869 500 901 mundo
534 869 654 908 corde,
685 869 846 913 quoniam
878 868 942 913 ipsi
976 870 1090 902 Deum
1122 870 1215 903 vide-

84 933 213 964 bunt:“
239 933 347 964 multo
372 931 475 973 magis
501 930 600 963 etiam
626 943 663 962 ex
688 930 762 970 hoc,
787 939 824 962 ut
849 943 907 972 ego
933 931 1088 971 arbitror,
1113 944 1216 964 asser-

84 993 133 1026 tio
166 1004 277 1026 nostra
308 994 514 1026 firmabitur:
544 1005 622 1025 nam
653 991 733 1036 quid
768 991 859 1024 aliud
890 1001 939 1024 est
969 993 1071 1025 corde
1101 993 1214 1025 Deum

85 1055 212 1094 videre,
236 1055 299 1087 nisi
323 1055 506 1088 secundum
530 1054 582 1093 id,
607 1054 699 1099 quod
725 1067 824 1098 supra
849 1053 1080 1098 exposuimus,
1102 1065 1215 1087 mente

87 1130 165 1149 eum
188 1116 375 1158 intelligere
400 1126 500 1160 atque
525 1115 752 1157 cognoscere?
785 1115 995 1159 Frequenter
1026 1116 1113 1149 enim
1139 1130 1214 1149 sen—

86 1178 234 1211 sibilium
258 1179 489 1210 membrorum
520 1177 657 1209 nomina
689 1177 731 1209 ad
752 1176 902 1208 'animam
926 1178 1135 1219 referuntur,
1170 1179 1216 1211 ita

87 1249 127 1271 ut
151 1239 258 1272 oculis
285 1241 396 1272 cordis
420 1239 533 1271 videre
559 1238 706 1276 dicatur,
739 1238 773 1270 id
800 1248 866 1279 est,
897 1238 1066 1282 virtute4)
1090 1240 1217 1272 intelli-

87 1302 217 1343 gentiae
242 1301 368 1346 aliquid
393 1300 622 1333 intellectuale
648 1299 825 1344 conjicere,
883 1300 938 1333 Sic
965 1310 998 1333 et
1021 1302 1136 1334 audire
1160 1315 1215 1334 au-

87 1363 179 1396 ribus
203 1364 343 1403 dicitur,
375 1376 451 1395 cum
482 1375 615 1394 sensum
639 1361 881 1403 intelligentiae
905 1363 1136 1406 profundioris
1160 1365 1218 1397 ad-

86 1425 196 1459 vertit.
244 1424 300 1458 Sic
332 1434 364 1457 et
399 1423 449 1456 uti
482 1424 601 1466 eam⁵)
632 1436 731 1467 posse
763 1423 918 1456 dentibus
951 1425 1110 1465 dicimus,
1141 1440 1217 1459 cum

86 1487 226 1528 mandit,
253 1496 286 1519 et
309 1498 429 1530 panem
455 1485 604 1518 comedit
627 1484 733 1524 vitae,
759 1485 816 1529 qui
844 1486 885 1518 de
911 1487 1008 1519 coelo
1034 1487 1217 1521 descendit.

87 1548 252 1582 Similiter
282 1557 315 1580 et
345 1547 462 1580 ceteris
492 1547 543 1579 uti
573 1547 806 1579 membrorum
832 1547 951 1580 officiis
976 1548 1108 1588 dicitur,
1133 1563 1218 1594 quae

90 1622 129 1642 ex
154 1609 324 1654 corporali
347 1608 578 1653 appellatione
603 1609 760 1641 translata
785 1608 963 1641 virtutibus
988 1609 1117 1642 animae
1143 1624 1219 1644 coa-

89 1680 236 1715 ptantur,
259 1670 347 1703 sicut
371 1679 404 1702 et
427 1669 592 1703 Salomon
618 1670 717 1703 dicit:
759 1671 922 1711 „Sensum
934 1672 967 1715 ⁶)
994 1671 1144 1704 divinum
1169 1672 1219 1705 in-

90 1731 234 1765 venies.“
282 1732 419 1765 Sciebat
441 1744 587 1776 namque
612 1732 681 1764 duo
714 1744 833 1773 genera
864 1744 934 1764 esse
958 1744 1114 1765 sensuum
1126 1733 1159 1778 ⁷)
1185 1734 1220 1767 in

91 1793 200 1832 nobis,
225 1806 327 1825 unurn
352 1806 453 1835 genus
477 1807 633 1826 sensuum
660 1793 816 1833 mortale,
841 1793 1080 1838 corruptibile,
1105 1796 1221 1828 huma-

188 1916 218 1959 ·)
244 1915 307 1948 Ed.
332 1916 378 1948 M.
408 1917 446 1950 ιι.
473 1918 619 1961 ‚‚quo‹1.,“

186 1972 220 2015 ²)
245 1971 366 2004 Matth
391 1973 452 2013 Xl,
475 1974 530 2008 27.
621 1974 657 2018 ³)
681 1973 806 2007 Matth
833 1974 873 2013 V,
899 1973 930 2008 8.

187 2029 218 2072 4)
244 2027 299 2060 Sic
325 2027 405 2062 Μεε.
438 2029 526 2061 Alias
552 2031 598 2072 (v.
631 2043 659 2062 c.
694 2029 727 2061 in
759 2030 833 2062 edd.
867 2030 938 2073 NI.)
971 2043 1068 2071 „cum
1100 2032 1221 2064 viitute

94 2072 332 2115 intelligentiae
356 2073 483 2118 aliquid
506 2073 742 2107 intellectualis
767 2074 945 2118 conjicere.
950 2078 967 2095 “
994 2076 1033 2107 R.

188 2129 220 2173 ⁵)
246 2129 309 2162 Ed.
326 2129 374 2161 Μ.
394 2131 417 2163 l.
439 2143 633 2174 perperam:
661 2143 755 2171 „eam
778 2131 1027 2175 possidentibus
1048 2131 1220 2165 dicimus.“

189 2186 222 2229 6)
250 2185 350 2217 Prov.
377 2187 418 2226 ΙΙ,
431 2186 472 2218 5.

191 2243 222 2285 ⁷)
249 2242 297 2274 Ita
320 2241 399 2274 Mss.
428 2241 518 2274 Alias
544 2243 590 2284 (V.
617 2256 643 2276 e.
670 2243 701 2275 in
720 2244 794 2277 edd.
813 2244 879 2288 M.)
905 2257 1095 2286 „sensuunn
1121 2257 1223 2277 unum

97 2287 272 2327 mortalcf‘
299 2287 428 2321 omissis
453 2288 614 2332 pluribus„
642 2289 679 2320 R
