1404 2463
164 79 208 114 82
632 75 809 108 Omanms

168 170 323 202 terrae:“
357 165 448 211 quod
464 166 494 209 ¹)
526 166 698 197 manifeste
731 165 773 196 de
799 162 929 206 Spiritu
954 170 1069 193 sancto
1096 159 1297 201 designatur,

172 230 230 275 qui
253 228 371 262 ablatis
394 236 493 271 atque
519 225 684 258 exstinctis
709 224 944 269 peccatoribus
969 233 1002 255 et
1032 221 1193 264 indignis,
1227 221 1298 265 ipse

172 290 236 324 sibi
259 302 386 323 novum
409 288 575 332 populum
603 296 702 325 creet,
729 296 760 318 et
784 294 925 318 renovet
942 284 1063 317 faciem
1075 293 1194 322 terrae,
1223 295 1299 316 cum

171 366 233 398 per
256 351 391 394 gratiam
423 348 568 393 Spiritus
600 349 806 392 deponentes
838 357 986 380 veterem
1018 345 1191 378 hominem
1224 357 1300 377 cum

173 414 301 448 actibus
333 413 418 451 suis,
455 410 487 442 in
518 410 664 442 novitate
699 409 784 441 vitae
817 408 992 453 coeperint
1022 407 1205 440 ambulare.
1258 406 1302 438 Et

174 477 252 509 ideo
279 477 319 508 de
345 488 383 507 eo
410 481 641 516 competenter
667 471 806 511 dicitur,
838 472 914 516 quia
927 472 960 515 ²)
985 483 1053 503 non
1077 470 1111 502 in
1135 468 1304 507 omnibus,

175 550 284 582 neque
307 537 341 569 in
355 537 388 580 3)
414 534 480 573 his,
507 534 563 578 qui
588 546 665 565 caro
691 541 781 572 sunt,
813 533 872 564 sed
900 532 933 564 in
966 531 1015 564 his
1048 543 1193 576 quorum
1215 539 1304 562 terra

176 607 333 632 renovata
367 596 485 639 suerit,
519 595 664 639 Spiritus
694 603 824 627 sanctus
854 593 1024 626 habitabit.
1071 592 1228 636 Denique
1254 591 1307 623 id-

178 661 266 694 circo
291 673 351 704 per
374 656 628 701 impositionem
653 669 812 688 manuum
836 655 1070 699 apostolorum
1094 663 1172 698 post
1196 651 1305 696 bapti—

179 736 288 756 smum
319 720 466 764 gratim)
503 728 535 750 et
573 718 735 750 revelatio
773 717 880 750 sancti
918 716 1065 761 Spiritus
1102 716 1306 748 tradebatur.

181 786 249 820 Sed
274 793 306 816 et
330 783 484 816 Salvator
508 790 622 813 noster
652 789 730 825 post
759 780 1057 822 resurrectionem,
1094 791 1170 810 cum
1196 786 1306 809 vetera

179 847 247 894 jam
270 845 477 883 transissent,
510 852 542 875 et
565 843 653 888 sacta
676 842 816 875 fuissent
840 842 952 874 omnia
974 853 1081 880 nova,
1104 852 1212 872 novus
1236 838 1308 882 ipsc

181 909 283 941 homo
325 916 359 939 et
393 904 634 951 primogenitus
671 917 709 936 ex
740 904 902 944 mortuis,
936 901 1102 936 renovatis
1116 901 1148 946 ⁵)
1173 913 1309 945 quoque

182 983 243 1014 per
266 969 368 1001 fidem
393 979 471 1000 suae
489 965 742 998 resurrectionis
767 965 928 1009 apostolis
941 966 974 1009 ⁶)
998 964 1060 997 ait:
1087 962 1307 1007 „Accipite⁷)

183 1030 348 1076 Spiritum
371 1032 552 1062 sancturn.“
601 1028 675 1060 Hoc
700 1037 749 1060 est
771 1027 940 1068 nimirum,
967 1027 1060 1071 quod
1085 1035 1120 1058 et
1143 1026 1214 1069 ipse
1235 1024 1311 1057 Sal-

184 1101 280 1125 vator
309 1091 477 1124 Dominus
516 1090 550 1122 in
579 1089 762 1132 Evangelio
799 1089 1008 1131 designabat,
1039 1101 1113 1120 cum
1127 1088 1161 1131 ⁸)
1195 1086 1310 1118 vinum

184 1167 309 1187 novum
335 1153 369 1185 in
392 1162 482 1185 utres
508 1151 597 1184 mitti
621 1164 719 1196 posse
745 1161 872 1184 veteres
904 1151 1103 1192 denegabat,
1136 1150 1194 1182 sed
1217 1148 1311 1194 jube-

183 1217 240 1249 bat
262 1224 352 1247 utres
385 1214 458 1246 fieri
489 1225 614 1253 novos,
649 1213 684 1245 id
717 1223 765 1245 est
792 1212 945 1245 homines
975 1211 1010 1244 in
1043 1211 1193 1244 novitate
1223 1209 1310 1242 vitae

185 1276 365 1316 ambulare,
389 1284 426 1307 ut
437 1275 469 1319 9)
497 1275 608 1307 vinum
642 1288 780 1314 novum,
806 1274 841 1307 id
874 1283 922 1307 est
946 1273 1090 1319 Spiritus
1113 1271 1217 1306 sancti
1240 1284 1312 1314 gra-

185 1338 251 1372 tiae
275 1337 482 1382 susciperent
503 1336 696 1369 novitatem.
743 1337 819 1368 Hoc
841 1349 918 1378 ergo
944 1345 1042 1380 pacto
1069 1334 1221 1380 operatio
1246 1333 1312 1366 vir-

187 1400 266 1433 tutis
290 1398 356 1432 Dei
378 1398 484 1432 Patris
517 1407 549 1431 et
579 1398 658 1431 Filii
682 1398 861 1431 indiscrete
890 1411 990 1442 super
1015 1409 1150 1430 omnem
1174 1405 1311 1440 proten-

284 1585 315 1629 Ι)
339 1584 403 1616 Ed.
428 1584 475 1617 M.
502 1583 527 1615 I.
556 1582 682 1626 „Quod
703 1582 729 1614 si
743 1581 951 1624 manifeste‚“
978 1582 1029 1614 ed.
1054 1581 1158 1614 M.ll.
1186 1581 1312 1623 „Quod

192 1640 224 1663 et
247 1629 453 1663 manifeste.“

285 1685 318 1730 ²)
343 1684 408 1719 Ed.
430 1685 478 1718 M.
503 1683 546 1716 II.
573 1683 717 1727 „quod.“

284 1741 317 1785 ³)
342 1740 429 1774 Edd.
462 1740 509 1773 M.
553 1739 609 1781 „in
634 1739 700 1782 his,
733 1752 817 1784 quae
843 1752 919 1771 caro
945 1748 1037 1779 sunt,
1079 1739 1137 1771 sed
1168 1750 1310 1783 quorum

192 1790 301 1820 terra“
329 1795 390 1819 etc.

285 1842 319 1886 ⁴)
343 1841 406 1874 Ed.
421 1840 468 1874 M.
484 1840 507 1873 Ι.
525 1853 718 1886 perperam:
743 1841 899 1883 „gratiam
915 1849 947 1873 et
963 1840 1223 1874 revelationem“
1250 1850 1311 1873 etc.

283 1898 316 1941 ⁵)
340 1896 396 1931 Sic
429 1908 542 1928 omnes
574 1897 652 1929 Mss.
689 1896 781 1930 Alias
812 1898 858 1941 (v,
892 1910 918 1930 c.
951 1897 986 1928 in
1010 1897 1086 1930 edd.
1111 1898 1177 1941 M.)
1206 1897 1310 1929 male:

194 1945 423 1986 „renovatur.“
450 1942 489 1974 R.
584 1943 618 1986 ⁶)
644 1941 706 1975 Ed.
731 1943 780 1975 M.
803 1943 828 1976 Ι.
853 1955 1048 1987 perperam:
1080 1944 1309 1987 „apostolus.“

289 1999 320 2042 ⁷)
345 1998 405 2031 Ev.
429 1998 548 2030 Joann.
573 1998 651 2038 XX,
674 1997 727 2032 22.

283 2055 318 2098 8)
342 2055 394 2087 Ita
416 2056 504 2087 hunc
528 2056 640 2087 locum
669 2054 847 2087 restituunt
877 2067 992 2087 omnes
1017 2053 1125 2087 codd.
1149 2054 1229 2106 Mss:
1276 2054 1311 2086 ln

191 2109 288 2135 antea
313 2099 408 2132 editis
434 2101 479 2144 (v.
505 2113 532 2133 c.
558 2100 632 2132 edd.
658 2100 723 2144 M.)
748 2100 888 2142 legitur:
923 2112 1020 2141 „cum
1043 2112 1169 2132 novum
1197 2099 1309 2132 vinum

192 2147 228 2179 in
250 2155 341 2178 utres
364 2157 430 2176 nov
435 2158 470 2177 os
493 2144 580 2177 mitti
604 2158 721 2189 posse,
755 2154 788 2178 et
815 2145 850 2177 in
874 2155 1000 2178 veteres
1024 2145 1222 2187 denegabat,
1253 2145 1310 2178 sed

194 2192 328 2225 videbat
351 2199 439 2223 utres
463 2190 555 2223 fieri“
583 2199 643 2223 etc.
669 2191 709 2224 R.
735 2210 776 2217 —-
803 2191 872 2226 Cfr.
897 2189 1016 2224 Matth.
1041 2190 1102 2230 IX,
1111 2171 1179 2225 16.
1206 2190 1257 2224 17.

283 2246 316 2290 ⁹)
340 2246 403 2279 Ed.
431 2246 477 2280 M.
504 2247 529 2280 1.
557 2250 640 2288 „et.“
