1404 2463
176 86 242 121 248
647 92 824 125 emamus

179 178 286 210 tenuis
321 180 396 225 styli
421 181 630 213 adumbratio
656 183 818 224 designet,
852 192 883 214 et
908 182 1172 226 supet-ponendis
1197 181 1296 215 vulti-

181 241 242 271 bus
266 253 401 284 capaces
425 252 599 286 praeparet
621 253 732 283 notas,
763 244 832 276 sine
857 243 960 275 dubio
985 256 1046 287 per
1069 244 1295 276 adumbratio-

183 314 258 333 nem
289 301 441 346 imposita
479 305 715 347 praeformatio
755 307 794 338 ad
827 305 1056 348 suscipiendos
1094 318 1188 338 veros
1219 306 1298 338 illos

184 362 313 395 colores
344 363 407 407 jam
440 366 585 409 paratior
615 368 797 408 invenitur;
832 368 925 410 sic¹)
961 368 1064 399 modo
1088 367 1299 399 adumbratio

184 424 253 468 ipsa
285 438 320 458 ac
353 427 553 460 deformatio
583 429 669 474 stylo
698 395 838 462 Domini
870 428 976 461 nostti
1007 428 1086 461 Jesu
1111 429 1236 461 Christi
1265 429 1298 474 in

186 487 294 519 cordis
317 488 422 520 nostii
445 489 567 523 tabulis
592 492 823 535 perscribatur.
870 490 914 522 Et
937 489 1063 522 idcirco
1088 490 1226 522 fortasse
1251 489 1302 522 di-

188 547 287 581 citur:
315 550 454 595 »quia²)
480 552 570 584 omni
596 552 727 585 habenti
755 552 888 584 dabitur
912 562 941 583 et
960 551 1163 595 adjicietur.“
1204 552 1302 584 Unde

188 619 315 642 constat
348 611 542 646 habentibus
573 615 851 647 deformationem
884 614 1048 658 quandam
1080 614 1113 646 in
1146 615 1206 646 hac
1237 613 1302 646 vita

188 671 332 704 veritatis
358 684 388 705 et
414 675 578 714 scientiae,
604 677 789 709 addendam
814 676 914 708 etiam
933 688 1001 708 esse
1020 674 1303 719 pulchritudinem

187 735 354 776 perfectae
378 736 526 778 imaginis
549 738 581 770 in
606 739 728 770 futuro.

273 797 305 830 5.
346 797 438 836 Tale,
463 799 594 843 opinor,
618 799 782 832 indicabat
809 800 1011 832 desiderium
1035 811 1130 831 suum
1156 798 1223 837 illc,
1249 797 1303 842 qui

190 856 338 890 dicebat:
376 860 603 904 „Coa1·ct01·³)
637 871 746 893 autem
780 874 817 892 ex
842 861 990 897 duobus,
1023 859 1225 891 desiderium
1251 859 1306 891 ba-

188 919 268 951 bens
292 920 445 960 dissolvi,
470 932 502 954 et
527 935 601 954 cum
628 922 759 955 Christo
786 935 872 963 esse,
897 923 1004 953 multo
1031 920 1118 952 enim
1143 920 1305 961 melius;“

189 980 293 1013 sciens
311 983 400 1026 quod
417 992 504 1023 tunc,
521 998 595 1016 cum
613 997 774 1026 regressus
793 994 876 1016 esset
893 984 931 1015 ad
946 983 1124 1019 Clu-istum,
1145 982 1307 1022 onmium,

193 1055 274 1086 quae
307 1054 464 1085 geruntur
493 1046 526 1078 in
557 1047 669 1086 terris,
701 1046 904 1079 manifestius
937 1054 1127 1087 agnosceret
1151 1043 1308 1083 rationes,

192 1105 244 1135 vel
269 1105 310 1137 de
334 1105 478 1145 homine,
505 1107 556 1139 vel
581 1108 621 1139 de
647 1107 754 1140 anima
778 1107 932 1147 hominis,
965 1107 1017 1138 vel
1042 1106 1083 1138 de
1106 1106 1307 1145 mente‚‘vel

193 1178 230 1197 ex
255 1166 506 1213 quibuscunque
531 1168 614 1209 illis,
647 1169 750 1214 (ξιιμ)
774 1169 815 1202 sit
837 1169 991 1214 spiritus,
1023 1167 1080 1213 qui
1103 1167 1308 1212 inoperetur,

194 1228 249 1271 qui
279 1231 320 1262 sit
344 1243 477 1274 quoque
502 1230 608 1263 vitalis
632 1231 785 1276 spiritus,
823 1231 872 1263 vel
898 1245 981 1276 quae
1008 1231 1050 1263 sit
1073 1229 1192 1271 gratia,
1224 1241 1308 1272 quae

194 1290 290 1322 datur
318 1291 472 1324 fidelibus
503 1293 646 1337 Spiritus
677 1293 788 1326 sancti.
837 1293 933 1325 Tunc
966 1305 1100 1337 quoque
1134 1291 1310 1333 intelliget,

197 1351 252 1395 qui
277 1352 339 1384 sibi
364 1352 514 1386 videatur
541 1355 650 1394 lsrael,
674 1356 726 1386 vel
751 1367 832 1399 quae
857 1355 1028 1387 diversitas
1045 1353 1204 1396 gentium,
1230 1353 1310 1397 quid

197 1414 294 1445 etiam
326 1414 387 1447 sibi
419 1415 521 1447 velint
549 1416 644 1448 lsrael
670 1415 849 1448 duodecim
872 1416 995 1455 tribus,
1028 1424 1061 1446 et
1086 1415 1164 1459 quid
1189 1415 1311 1456 singuli

196 1476 316 1520 populi
348 1490 409 1520 per
437 1477 578 1519 singulas
601 1477 715 1510 tribus.
763 1477 860 1510 Tunc
883 1477 1045 1519 intelliget
1071 1476 1168 1508 etiam
1196 1477 1236 1508 de
1261 1489 1311 1508 sa-

196 1538 384 1569 cerdotibus
410 1548 442 1570 et
467 1538 592 1577 levitis,
618 1548 650 1570 ct
673 1539 714 1570 de
739 1538 874 1570 diversis
898 1538 1159 1570 sacerdotalibus
1184 1538 1311 1570 ordini-

198 1601 258 1631 bus
283 1599 464 1639 rationem,
496 1601 573 1644 etf’)
598 1599 688 1645 cujus
714 1601 820 1632 forma
846 1610 913 1632 crat
939 1600 970 1632 in
996 1601 1111 1640 Mose,
1136 1609 1167 1632 et
1190 1599 1313 1631 nil-ilo·

198 1700 308 1723 menta
341 1692 432 1723 tenui
470 1690 542 1735 styli
574 1690 824 1722 adumbratione
859 1690 1038 1732 designet.“
1093 1691 1160 1723 Sed
1200 1703 1314 1722 omnes

199 1738 275 1769 Mss.
300 1747 336 1769 ut
360 1737 392 1769 in
418 1744 532 1768 nostro
558 1745 656 1767 textu.
685 1736 720 1767 R.

293 1793 322 1832 ¹)
348 1792 401 1825 Sic
427 1792 504 1843 1)]55.
532 1791 620 1823 libri
653 1791 732 1823 editi
766 1793 811 1835 (v
838 1805 864 1823 c.
887 1792 962 1825 cdd
987 1792 1054 1837 M.)
1081 1791 1186 1832 „sicut
1210 1791 1314 1823 modo

199 1838 406 1870 adumbratio
431 1836 500 1880 ipsa
526 1837 710 1868 deformata
734 1838 839 1882 stylo«
868 1846 927 1868 (tc.
954 1838 990 1869 R.

292 1894 325 1937 2)
351 1893 413 1925 Ed.
442 1893 491 1926 Μ.
519 1893 558 1924 ll.
588 1893 710 1936 „quod
717 1896 733 1912 ‘⁴
752 1913 793 1917 —
817 1894 895 1925 Luc.
913 1893 1006 1933 XIX,
1028 1893 1081 1929 26.
1100 1893 1176 1926 coll.
1196 1893 1313 1926 Manli.

197 1939 304 1975 XXV,
327 1937 379 1972 29.
516 1938 551 1981 ³)
575 1937 719 1981 Philipp.
744 1939 770 1977 l,
794 1937 846 1972 23.

291 1993 324 2037 4)
350 1993 405 2026 Sic
429 1994 509 2026 Blss
535 1993 625 2025 Libri
651 1993 730 2026 editi
756 1995 803 2038 (v.
830 2008 856 2026 c.
879 1995 952 2026 edd.
971 1995 1036 2037 M.)
1063 1994 1140 2038 „qui
1164 1993 1226 2025 sint
1248 1994 1315 2037 spi·

198 2038 295 2077 ritus,
321 2038 374 2082 qui
401 2048 595 2082 operentur,
622 2039 677 2083 qui
701 2039 782 2079 sint,
808 2039 906 2084 quive
932 2039 1063 2079 vitales,
1089 2040 1140 2071 vcl
1165 2052 1249 2083 quae
1273 2039 1315 2070 sit

199 2084 319 2125 giatia“
348 2092 408 2115 etc.
438 2084 476 2116 R.

293 2140 326 2180 ο)
353 2140 398 2170 lta
425 2139 501 2171 Mss.
529 2140 615 2172 Alias
651 2144 697 2183 (v.
725 2154 751 2172 (3
782 2140 813 2172 in
846 2140 921 2172 edd.
949 2141 1012 2183 NI.)
1041 2149 1097 2191 pet
1130 2138 1220 2190 cujus
1245 2139 1314 2170 sor-

199 2197 272 2216 mae
297 2183 510 2215 crantzium
535 2185 651 2218 sentiet
677 2184 892 2217 nihilominus
917 2197 999 2229 quae
1024 2185 1066 2216 sit
1089 2184 1205 2216 veritas
1231 2182 1315 2227 jubi-

201 2228 330 2262 leorum
363 2229 430 2266 (ed.
459 2230 833 2273 M.11.J0bileorwn),
871 2240 901 2261 et
933 2232 1188 2273 septimanarum
1214 2241 1315 2261 auno-

203 2287 292 2306 tum:
319 2275 396 2306 sed“
425 2283 485 2306 etc
