1404 2463
194 88 260 124 280
664 92 838 124 Omoemus

194 187 263 211 tum
290 189 347 211 est.
387 179 482 223 Quae
507 180 622 224 utique
647 191 739 225 petra
764 181 832 213 sine
859 180 962 212 dubio
988 193 1049 224 pro
1073 179 1180 212 anima
1207 180 1313 225 posita

196 250 244 272 est
269 242 421 281 humana,
446 256 508 287 pro
533 243 582 275 sui
609 243 806 286 negligentia
832 242 993 279 indurata,
1025 251 1056 274 et
1083 251 1223 286 propter
1247 255 1314 275 ma-

196 302 300 335 litiam
334 316 425 336 saxea
462 305 592 336 effecta.
647 305 738 337 Nulli
776 305 863 337 enim
897 317 914 336 a
948 305 1022 336 Deo
1057 317 1116 336 cor
1146 304 1314 348 lapideum

196 374 342 397 creatum
368 376 426 408 est,
453 367 510 398 sed
536 380 596 410 per
620 366 779 399 malitiam
805 366 985 410 unicuique
1005 375 1036 397 et
1054 365 1316 398 inobedientiam

195 440 254 458 cor
279 427 447 471 lapideum
472 427 545 460 fieri
569 428 700 462 dicitur.
747 428 841 461 Sicut
857 428 885 470 ¹)
913 440 989 468 ergo
1017 427 1042 459 si
1069 427 1141 471 quis
1167 426 1318 471 increpet

194 488 391 529 agricolam,
430 503 529 534 quare
561 503 627 522 non
661 490 757 523 citius
787 489 910 522 semina
934 478 1035 533 super
1057 498 1177 521 terram
1204 478 1318 533 petru-

194 563 261 582 sam
288 550 411 594 jecerit,
437 565 498 596 pro
526 564 566 584 eo
592 553 684 596 quod
711 552 863 593 videat2)
889 551 987 582 aliam
1008 560 1129 582 terram
1147 559 1314 599 petrosam

195 622 330 656 accepta
360 613 485 646 semina
516 613 677 646 velociter
707 615 922 655 germinasse,
961 614 1075 656 utique
1101 611 1317 656 respondebit

195 674 338 715 agricola
377 685 408 707 et
449 675 556 714 (licet,
596 675 671 720 quia
711 675 836 707 idcirco
877 674 1004 707 tardius
1035 673 1163 706 semino
1195 682 1318 705 terram

195 735 301 775 istam,
326 746 362 768 ut
385 737 490 781 possit
513 737 648 776 semina,
673 750 756 781 quae
780 736 975 781 susceperit,
999 735 1160 775 retinere;
1185 734 1319 779 expedit

197 798 283 830 enim
311 799 385 830 huic
412 799 466 830 tali
494 808 610 837 terrae,
634 808 670 830 ut
695 799 859 842 posterius
884 799 1075 836 seminetur,
1100 809 1140 829 ne
1166 797 1253 828 forte
1270 796 1316 828 ci·

195 859 262 891 tius
292 860 515 903 germinata³)
546 873 636 901 seges
666 859 839 902 summa²)
872 859 978 891 tenuis
1009 859 1073 890 soli
1103 859 1212 890 fronte
1238 870 1317 902 pro-

198 922 317 953 cedens
348 922 428 954 solis
461 922 603 954 aestibus
637 921 772 953 obviare
804 934 870 953 non
904 920 1018 964 possit.
1065 920 1184 952 Nonne
1216 919 1318 963 qni⁵)

197 983 288 1028 prius
319 983 528 1028 increpabat,
560 983 679 1015 rationi
713 993 746 1015 et
769 982 908 1027 peritiae
933 981 1118 1026 acquiescet
1143 980 1319 1022 agricolae,

199 1054 229 1077 et
261 1046 350 1090 quod
385 1045 475 1089 prius
500 1045 561 1077 sibi
589 1044 761 1076 videbatur
785 1045 1044 1088 inconsequens,
1077 1041 1347 1075 rationabiliter‘

198 1109 321 1139 sactum
358 1106 583 1151 probabit?⁵)
625 1107 671 1138 lta
711 1119 787 1148 ergo
824 1107 914 1139 Deus
951 1105 1120 1137 universae
1152 1114 1319 1136 creaturae

198 1182 274 1201 suae
306 1168 524 1212 peritissimus
556 1168 698 1210 agricola
732 1167 919 1199 dissimulat
957 1176 988 1198 et
1020 1167 1134 1198 differt
1162 1165 1196 1198 in
1228 1165 1338 1198 aliud*

200 1230 269 1262 sine
302 1230 405 1262 dubio
438 1241 569 1275 tempus
603 1231 699 1269 haec,
736 1242 820 1274 quae
846 1228 941 1260 nobis
967 1228 1120 1260 videntur
1145 1227 1241 1259 citius
1265 1227 1322 1259 de-

199 1292 307 1324 buisse
334 1292 494 1337 consequi
519 1292 708 1331 sanitatem,
743 1291 791 1323 uti
823 1304 864 1323 ne
895 1289 1087 1334 superficies
1111 1302 1229 1322 eorum
1254 1302 1322 1321 ma-

200 1354 246 1395 gis
272 1367 369 1398 quam
395 1354 521 1386 interna
547 1363 712 1386 curentur.
759 1353 794 1386 Si
821 1365 899 1384 vero
922 1351 993 1396 quis
1017 1352 1114 1384 nobis
1139 1352 1183 1393 ad
1197 1351 1321 1395 haec⁷)

201 1415 354 1459 objiciat:
382 1415 493 1459 Quare
520 1428 596 1457 ergo
625 1415 788 1459 quaedam
815 1413 939 1446 semina
964 1413 1086 1445 cadunt
1105 1412 1203 1444 etiam
1221 1424 1322 1456 super

201 1487 320 1509 terram
352 1488 538 1522 petrosam,
572 1477 602 1508 id
639 1486 685 1508 est
718 1476 833 1507 duram
866 1475 1010 1518 aliquam
1046 1483 1076 1505 et
1100 1486 1227 1505 saxeam
1253 1471 1322 1505 ani-

202 1539 313 1572 mam?
336 1540 433 1583 (123)
460 1540 637 1572 dicendum
659 1539 698 1569 ad
725 1536 858 1580 lnaec,⁸)
885 1536 959 1580 quia
975 1536 1008 1578 ⁹)
1032 1548 1072 1567 ne
1096 1535 1160 1566 lioc
1185 1534 1320 1578 quidem

299 1677 328 1719 ¹)
353 1675 437 1707 Edd.
466 1674 510 1706 M.
538 1673 614 1714 „Sic
640 1676 750 1714 ergo“

296 1734 329 1773 ²)
353 1732 408 1764 Sic
435 1731 514 1764 Mss.
539 1729 629 1762 Libri
663 1728 744 1761 editi
783 1729 827 1771 (ν.
858 1741 883 1762 c.
910 1728 983 1759 edd.
1010 1727 1074 1770 M)
1112 1725 1258 1756 »viderat
1282 1724 1324 1756 ad

204 1791 276 1810 eam
300 1782 440 1811 t··rram·‘
468 1786 529 1808 etc
558 1776 596 1807 R.

295 1835 327 1876 3)
354 1834 409 1867 Sic
436 1831 514 1865 les.
546 1830 636 1863 Libri
668 1830 750 1863 editi
775 1831 820 1874 (v.
848 1841 874 1861 c.
901 1828 976 1860 edd.
999 1827 1063 1870 M.)
1099 1825 1324 1868 „germinante

205 1889 322 1922 segete.
329 1895 343 1907 «
371 1880 409 1911 R.

296 1936 327 1974 1)
353 1936 408 1968 Sic
433 1934 512 1966 Mss
545 1931 634 1964 Libii
661 1931 756 1963 editi:
799 1941 945 1969 „summa
981 1927 1087 1961 tenuis
1118 1927 1180 1959 soli
1215 1927 1325 1958 fronte

206 1995 241 2013 ea
272 1981 476 2025 piucedens«
512 1987 572 2009 ete.
608 1978 648 2011 R.
684 1997 722 2002 --
761 1976 846 2008 Edd.
879 1975 924 2007 M.
959 1985 1103 2006 »summa
1135 1982 1229 2004 tenus
1260 1971 1324 2003 soli

209 2028 317 2058 fionte
344 2038 378 2057 ea
404 2024 609 2069 procedens“
637 2031 699 2056 etc

299 2083 331 2124 ³)
356 2082 485 2113 Desunt
510 2079 542 2111 in
567 2088 660 2111 antea
686 2077 784 2110 editis
810 2078 856 2120 (v.
882 2089 908 2108 c.
927 2075 1001 2107 edd.
1021 2075 1097 2114 Μ),
1122 2074 1180 2106 sed
1204 2073 1327 2104 haben-

208 2138 260 2160 tur
284 2127 316 2159 in
344 2126 410 2159 Mss
449 2125 561 2157 verba·
589 2123 665 2168 „qui
691 2123 783 2167 prius
806 2122 1027 2165 increpabat«
1056 2120 1094 2152 R.

299 2183 332 2226 ⁰)
357 2181 447 2214 Libri
474 2180 552 2212 editi
578 2181 625 2223 (v.
651 2193 678 2211 c.
705 2179 779 2211 edd.
804 2178 870 2217 τΠ.)
899 2173 1165 2220 „probabitur?“
1191 2174 1268 2206 Mss.
1289 2181 1325 2204 ut

209 2230 239 2262 in
264 2237 378 2261 nostro
403 2236 502 2258 textu.
531 2226 568 2257 R.
692 2225 722 2266 7)
748 2223 834 2255 Edd.
859 2223 907 2254 M.
935 2221 1051 2254 »}10c.“

303 2285 335 2328 ’3)
363 2283 445 2314 Edd.
474 2282 519 2314 M.
549 2281 664 2312 „lim-,²⁴
762 2279 794 2321 ⁹)
819 2278 869 2309 Ed
905 2277 952 2310 M
980 2277 1017 2308 ιΙ.
1044 2275 1187 2319 „quod-‘⁴
