1404 2463
374 94 419 115 DE
446 83 639 115 Pfflncn’ns
665 81 774 112 Lmen
800 81 854 113 ΙΙΙ.
1116 80 1180 115 305

64 176 124 206 bro
152 174 342 216 Regnorum
373 172 507 217 spiritus
531 170 692 215 pessimus
717 170 852 202 Safilem
879 169 1001 201 dicitur
1025 170 1180 202 effocare.

63 237 98 268 ln
131 235 230 268 tertio
264 224 345 268 vero
382 234 468 266 libro
499 232 665 266 Michaeas
698 231 861 274 propheta
894 230 993 262 dicit:
1034 231 1134 271 „Vidi
1150 232 1180 274 '')

61 297 246 329 Dominum
280 296 427 339 lsrae12)
464 295 633 327 sedentem
672 306 772 337 super
806 293 963 324 thronum
995 305 1108 330 suum,
1149 303 1181 325 et

62 359 169 391 omnis
194 358 312 391 militia
339 357 426 389 coeli
450 357 554 388 stabat
579 354 664 387 circa
688 367 782 392 eum,
807 367 824 385 a
849 354 970 386 dextris
996 353 1081 398 ejus,
1106 364 1138 386 et
1160 367 1178 386 a

61 419 197 452 sinistris
228 419 308 463 ejus,
354 419 397 450 Et
439 417 520 450 dixit
552 415 735 449 Dominus:
776 414 860 458 Quis
895 415 1033 446 seducet
1065 416 1178 448 Achab

62 492 172 521 regem
206 480 322 518 lsrael,
359 489 395 511 ut
426 478 605 511 adscendat
635 486 668 508 et
699 476 794 507 cadat
823 475 855 507 in
887 475 1077 521 Ramothss)
1111 477 1178 509 Ga-

62 540 157 573 laad?
186 540 228 573 Et
252 540 333 572 dixit
356 541 417 572 iste
442 540 498 581 sic,
525 549 557 571 et
581 538 639 570 ille
664 537 745 569 dixit
768 536 823 569 sic.
872 537 961 569 Exiit
975 537 1007 581 ⁴²)
1032 537 1177 581 spiritus,

62 611 94 634 et
124 601 214 634 stetit
243 601 276 633 in
309 610 488 644 conspectu
519 599 677 639 Domini,
718 609 751 631 et
782 598 881 630 dixit:
921 599 992 640 Ego
1021 600 1177 631 seducam

63 676 149 696 eum.
195 662 238 695 Et
276 662 357 694 dixit
389 661 556 694 Dominus
593 662 632 693 ad
672 674 764 693 eum:
806 661 844 692 In
877 659 968 704 quo?
1006 660 1048 692 Et
1079 660 1178 692 dixit:

60 725 193 765 Euam,
219 733 251 756 et
275 737 332 756 ero
357 724 491 768 spiritus
515 724 656 755 mendax
680 722 713 754 in
740 735 798 754 ore
823 722 975 754 omnium
1000 722 1179 765 propheta-

60 799 132 817 rum
157 785 270 830 ipsius,
316 786 361 818 Et
385 785 484 817 dixit:
518 785 684 824 seduces,
717 793 749 815 et
774 783 910 827 quidem
935 783 1071 827 poteris,
1117 784 1179 816 Exi

61 860 158 889 ergo,
188 856 220 879 et
250 848 302 879 fac
335 847 401 879 cito
426 847 483 880 sic.
529 847 572 878 Et
603 859 690 878 nunc
715 845 807 877 dedit
833 845 1000 876 Dominus
1024 845 1178 889 spiritum

59 910 254 942 mendacem
285 909 318 940 in
350 922 408 941 ore
434 908 582 940 omnium
606 908 847 952 prophetarum
871 916 1024 938 tuorum:
1059 906 1180 938 Domi-

59 984 119 1003 nus
146 971 279 1003 locutus
303 979 352 1002 est
375 983 475 1014 super
499 980 530 1002 te
555 970 672 1002 mala.“
718 968 891 1001 Manifestc
918 968 1004 999 enim
1030 981 1091 1012 per
1115 969 1179 1001 hoe

60 1032 291 1076 ostenditur⁵)
318 1032 488 1064 voluntate
519 1041 550 1063 et
582 1030 759 1075 proposito
790 1042 850 1061 suo
886 1030 1020 1071 elegisse
1044 1030 1180 1074 spiritus

61 1095 193 1138 quidam
219 1103 257 1125 ut
280 1094 463 1133 seduceret,
490 1102 521 1124 et
544 1092 754 1124 mendacium
781 1100 986 1134 operaretur,
1010 1104 1076 1135 quo
1101 1094 1181 1125 ahu-

62 1156 229 1199 teretur5)
246 1154 416 1187 Dominus
440 1156 481 1186 ad
505 1167 620 1186 necem
650 1153 771 1193 Achab,
797 1152 853 1196 qui
879 1153 943 1184 hoc
967 1154 1035 1197 pati
1061 1154 1178 1195 dignus

62 1226 142 1250 erat.
189 1218 226 1248 ln
256 1216 367 1260 primo
402 1228 537 1260 quoque
568 1215 654 1247 libro
680 1213 980 1257 Paralipomenon:
1016 1215 1182 1247 »Suscita-

28 1323 31 1327 .
63 1278 188 1322 vit‚“⁷)
219 1278 346 1322 inquit,
388 1277 562 1318 „diabolus
586 1277 687 1310 Satan
718 1276 751 1308 in
777 1276 895 1314 Israel,
937 1285 969 1307 et
1000 1276 1180 1309 concitavit

62 1339 185 1378 David,
216 1349 252 1371 ut
283 1348 473 1371 numeraret
502 1339 702 1382 populu1n.“
754 1338 787 1369 ln
813 1336 951 1369 Psalmis
976 1350 1055 1370 vero
1084 1351 1181 1379 ange-

63 1402 112 1433 lus
143 1402 248 1433 malus
279 1410 420 1433 atterere
445 1400 568 1432 dicitur
593 1400 765 1444 quosdam.
813 1400 850 1430 In
873 1398 1072 1431 Ecclesiaste
1097 1413 1181 1444 quo-

64 1475 127 1507 que
152 1463 316 1496 Salomon
339 1462 401 1495 ait:
440 1462 542 1506 „Si⁸)
567 1461 702 1506 spiritus
727 1469 927 1504 potestatem
951 1459 1102 1493 habentis
1125 1463 1182 1494 ad-

61 1524 226 1557 scenderit
249 1537 350 1569 super
374 1533 417 1563 te,
449 1524 560 1556 locum
584 1533 679 1555 tuum
704 1535 744 1554 ne
769 1522 927 1561 dimittas,
951 1522 1108 1566 quoniam
1134 1536 1182 1555 sa-

62 1587 144 1618 nitas
178 1595 368 1629 compescet
392 1595 526 1630 peccata
551 1587 685 1618 mult-m«
736 1587 773 1617 ln
797 1583 957 1617 Zacharia
969 1585 1002 1627 ⁹)
1028 1597 1108 1616 vero
1136 1585 1182 1616 le—

65 1648 170 1689 gimus
194 1648 367 1680 diabolum
392 1657 531 1680 stantem
558 1660 575 1679 a
600 1646 721 1679 dextris
737 1646 828 1685 Jesu,
853 1654 885 1677 et
908 1644 1115 1678 resistentem
1141 1646 1181 1678 ei.

160 1822 189 1864 ¹)
217 1820 284 1853 Csr.
308 1821 322 1853 l
348 1821 447 1862 Regg.
473 1821 585 1860 XXII,
612 1818 774 1866 19-233
795 1818 860 1861 (III
888 1818 1004 1862 Regg.)

159 1878 193 1918 ²)
216 1877 320 1909 Deest
343 1875 378 1908 in
403 1885 497 1908 antea
524 1875 619 1908 editis
644 1876 690 1919 (v.
715 1887 741 1905 c.
766 1874 842 1905 edd.
860 1872 937 1916 M.)‚
962 1874 1018 1905 sed
1043 1874 1184 1906 habetur

69 1925 100 1956 in
126 1923 204 1955 Mss.
232 1922 386 1962 „lsracl.“
411 1921 450 1953 R.
547 1922 579 1965 3)
604 1920 667 1955 Ed.
690 1919 738 1951 Μ.
765 1919 788 1950 l.
813 1917 916 1950 male:
944 1918 1136 1951 »Camoth.«

160 1979 192 2022 ⁴)
217 1978 279 2011 Ed.
305 1978 352 2009 M.
378 1977 418 2009 ll.
443 1976 553 2017 „Exiit
575 1985 685 2008 autem
710 1974 865 2018 spiritus“
892 1983 953 2006 etc.

160 2035 192 2078 ἦ)
218 2034 273 2066 Sic
300 2034 377 2065 Mss.
403 2032 490 2064 Alias
508 2033 553 2075 (v.
573 2045 601 2064 c.
619 2031 651 2062 in
672 2031 745 2063 edd.
763 2031 828 2074 Μ.)
849 2029 1067 2072 >›ostenditur‚
1093 2032 1183 2075 quod

66 2079 251 2112 voluntarie
270 2088 301 2110 et
318 2077 494 2122 proposito
512 2089 573 2109 suo
592 2075 689 2117 elegit
704 2076 839 2119 spiritus
853 2075 987 2119 quidem
1000 2079 1057 2108 ut“
1072 2085 1134 2108 etc.
1145 2077 1184 2110 R.

156 2136 190 2179 ὓ)
215 2135 272 2168 Sic
297 2135 374 2166 Mss.
400 2133 489 2166 Alias
521 2133 566 2176 (v.
592 2145 618 2163 e.
642 2131 677 2163 in
703 2132 777 2163 edd.
804 2131 868 2175 Μ.)
902 2132 1069 2173 „abutitur
1091 2132 1184 2164 Deus

68 2182 126 2213 ad«
151 2190 212 2214 etc.
241 2181 276 2213 R.
395 2180 427 2221 ⁷)
456 2180 463 2209 l
492 2178 615 2211 Chron.
641 2177 733 2215 XXI,
759 2177 788 2210 1.

157 2236 192 2280 ⁸)
219 2228 408 2268 Ecclesiasti
432 2235 474 2274 X,
500 2234 529 2267 4.
623 2233 655 2277 ⁹)
682 2233 780 2265 Zach.
806 2233 866 2272 HI,
893 2234 921 2266 1.

111 2310 287 2342 Oxum-:ms
312 2308 435 2341 OPERA
461 2308 556 2340 Tom.
581 2306 672 2338 XXI.
821 2345 824 2348 ἱ
947 2307 990 2338 '20
