1404 2463
217 86 283 120 216
689 91 862 121 Ouffifflls

219 175 387 219 aptabitur
409 175 659 209 rationabilibus
683 178 858 217 creaturis,
884 179 933 209 vel
958 177 1143 216 mentibus,
1167 187 1203 210 ut
1226 186 1335 210 tantae

219 237 293 275 sint,
318 247 457 281 quantae
483 251 499 269 a
524 239 733 283 providentia
757 239 822 271 Dei
848 239 1048 283 dispensari,
1078 239 1146 281 regi
1171 248 1205 271 et
1229 240 1337 271 conti-

219 299 288 331 neri
320 299 458 343 possint.
517 299 672 333 Mensura
710 314 787 333 vero
823 300 978 333 materiae
1018 300 1187 345 corporali
1223 313 1338 333 conse-

221 363 405 405 quenter-¹)
438 363 621 406 aptabitur:
660 377 758 408 quam
796 362 913 407 utique
947 372 1072 394 tantam
1103 375 1120 394 a
1153 362 1228 393 Deo
1268 374 1337 393 esse

220 432 360 454 creatam
386 424 588 456 credendum
614 434 670 464 cst,
697 434 852 469 quantam
876 424 938 456 sibi
962 424 1063 456 sciret
1079 424 1120 455 ad
1138 423 1338 466 ornatum2)

219 484 335 516 mundi
365 498 462 529 posse
494 487 657 520 sufficere.
704 487 794 519 Haec
826 499 903 528 ergo
935 495 1027 526 sunt,
1062 485 1202 530 quaein
1228 484 1337 525 initio,

221 546 253 577 id
278 556 325 578 est
349 557 422 580 ante
449 548 559 580 omnia
590 561 606 580 a
632 549 705 580 Deo
732 557 837 580 creata
864 561 931 579 esse
957 546 1209 579 existimandum
1223 547 1256 591 3)
1281 555 1339 580 est.

223 608 324 651 Quod
352 609 487 653 quidem
515 610 612 642 etiam
637 611 670 642 in
696 611 756 642 illo
783 610 897 649 initio,
933 610 1024 653 qnod
1047 609 1160 641 Moses
1185 608 1339 641 latentius

222 670 415 710 introduxit,
440 672 579 705 indicari
604 682 776 716 putamus,
811 685 885 703 cum
912 671 1009 703 dicit:
1046 670 1099 703 »ln
1113 671 1146 713 ⁴)
1170 670 1340 714 principio

223 732 301 763 fecit
325 732 417 765 Deus
444 735 574 766 coelum
601 743 633 766 et
656 742 809 766 terram.«
859 733 995 766 Certum
1021 741 1070 763 est
1094 731 1193 770 enirn,
1219 731 1339 775 quia⁵)

221 807 288 826 non
314 795 353 826 de
379 795 606 834 firmamento,
631 808 738 839 neque
764 796 849 838 de⁶)
875 795 983 833 arida,
1008 794 1065 826 sed
1091 793 1132 825 de
1156 793 1217 825 illo
1243 793 1341 825 coelo

223 867 259 887 ac
283 866 365 888 terra
392 857 528 896 dicatur,
560 870 701 901 quorum
728 857 860 888 coelum
886 856 961 894 hoc,
992 865 1023 887 et
1048 864 1146 895 terra,
1171 867 1268 898 quam
1293 855 1341 886 vi-

224 917 356 957 demus,
382 920 542 951 vocabula
565 928 682 963 postea
706 927 854 950 mutuata
869 918 900 961 ⁷)
925 925 1000 949 sunt

311 979 340 1012 2.
389 981 512 1013 Verum
546 981 703 1025 quoniam
734 979 947 1012 rationabiles
970 978 1050 1010 istae
1075 987 1228 1018 naturae,
1262 991 1343 1022 quas

223 1038 256 1071 in
288 1039 383 1073 initio
416 1043 517 1076 factas
547 1056 645 1087 supra
676 1042 833 1080 diximus,
872 1041 976 1072 factae
1010 1050 1087 1072 sunt
1117 1053 1191 1072 cum
1222 1042 1342 1084 nntess)

222 1113 291 1133 non
316 1113 438 1143 essent,
462 1104 526 1136 hoc
549 1105 642 1148 ipso,
673 1104 748 1148 quia
772 1116 838 1135 non
865 1111 974 1141 erant,
999 1110 1031 1133 et
1055 1114 1124 1133 esse
1149 1111 1344 1146 coeperunt,

226 1164 408 1196 necessario
436 1166 670 1198 convertibiles
688 1175 718 1198 et
732 1165 765 1208 ⁹)
786 1164 961 1196 mutabiles
978 1162 1210 1195 substiterunt:
1236 1176 1343 1207 quon-

227 1223 292 1256 iam
318 1239 534 1272 quaecunque
559 1228 664 1260 inerat
686 1226 884 1260 substantiae
910 1238 1022 1258 earum
1046 1224 1164 1264 virtus,
1194 1237 1262 1256 non
1285 1237 1343 1256 na-

227 1286 378 1319 turaliter
407 1288 528 1329 inerat,
557 1290 613 1321 sed
646 1288 810 1321 beneficio
845 1286 1028 1319 conditoris
1059 1287 1193 1319 effecta.
1240 1285 1345 1328 Quod

228 1360 305 1389 ergo
329 1359 420 1388 sunt,
456 1364 523 1383 non
549 1361 597 1383 est
620 1350 814 1395 proprium,
849 1362 909 1381 nec
945 1347 1202 1392 sempiternum,
1243 1348 1299 1380 sed
1325 1361 1341 1379 a

226 1409 302 1441 Deo
335 1412 456 1445 datum.
503 1413 579 1446 Non
611 1413 696 1445 enirn
729 1425 861 1456 semper
892 1410 1040 1454 sulum)
1067 1419 1099 1442 et
1130 1421 1228 1442 omne
1253 1409 1343 1453 quod

228 1471 341 1502 datum
377 1482 441 1512 est,
472 1475 569 1507 etiam
600 1473 719 1507 auferri
747 1484 778 1506 et
802 1473 958 1505 recedere
982 1481 1105 1516 potest.
1153 1470 1345 1503 Recedendi

228 1542 336 1565 autem
363 1547 456 1567 cansa
481 1535 514 1568 in
540 1549 579 1568 eo
606 1537 678 1575 erit,
704 1536 729 1568 si
755 1549 821 1568 non
847 1543 935 1567 recte
961 1543 993 1565 et
1017 1533 1239 1577 probabiliter
1263 1532 1343 1564 diri-

227 1594 314 1636 gitur
336 1608 445 1629 motus
469 1599 666 1630 animorum.
713 1596 930 1629 voluntarios
956 1595 1042 1628 enim
1069 1604 1101 1627 et
1124 1595 1248 1626 liberos
1271 1607 1343 1626 mo—

231 1666 279 1689 tus
311 1672 326 1690 a
358 1672 390 1691 se
423 1659 565 1691 conditis
596 1658 759 1691 mentibus
786 1667 915 1690 creator
938 1657 1093 1697 indulsit,
1123 1669 1190 1701 quo
1216 1655 1344 1688 scilicet

323 1805 352 1848 ¹)
370 1805 426 1838 Sic
440 1805 517 1838 Mss.
531 1805 621 1837 Libri
639 1804 720 1837 editi
732 1806 777 1848 (v.
795 1818 819 1836 c.
835 1803 984 1846 edd.M.)
1003 1801 1290 1843 „convenienter.“
1302 1801 1342 1833 R.

319 1861 352 1904 ²)
377 1861 433 1894 Sic
468 1862 544 1894 Mss.
576 1861 667 1893 Libri
699 1861 778 1893 editi
812 1862 857 1904 (v.
891 1873 918 1892 c.
952 1859 1025 1891 edd.
1051 1857 1116 1900 Μ.)
1148 1870 1342 1889 »ornamen-

230 1915 329 1939 tum.«
358 1907 396 1938 R.
515 1906 547 1951 3)
571 1907 633 1940 Ed.
659 1907 706 1940 M.
734 1910 755 1938 l.
783 1905 1040 1938 »aestimandum
1066 1911 1142 1934 est.«

320 1963 353 2006 ἰ)
379 1963 462 1995 Gen.
488 1964 513 2001 Ι,
539 1963 567 1997 1.
591 1983 634 1987 —
660 1963 728 1996 Cfr.
754 1963 803 1995 ed.
829 1962 955 2005 Redep.
979 1972 1051 2004 pag.
1075 1959 1150 1993 215.
1174 1967 1242 1991 not.
1266 1957 1320 1992 20.

320 2019 351 2062 ⁵)
375 2019 436 2052 Ed.
462 2019 509 2052 M.
537 2020 578 2052 ll.
606 2019 748 2063 »quod.“
843 2019 875 2060 ⁶)
900 2018 1005 2049 Deest
1030 2016 1112 2056 „de“
1137 2015 1172 2054 ibn
1196 2015 1270 2047 edd.
1295 2015 1343 2047 M.

322 2075 354 2118 7)
381 2075 440 2106 Ed.
468 2075 514 2108 M.
539 2076 574 2115 L,
598 2076 710 2120 itemq.
737 2076 786 2107 ed.
813 2074 940 2126 Redcpt
970 2075 1144 2104 »mutata.“

321 2132 354 2174 ¹⁵)
380 2131 440 2162 Ed.
467 2131 513 2164 M.
540 2132 562 2163 l.
589 2135 752 2172 „autem.“

322 2186 355 2229 ⁹)
379 2187 507 2218 Desunt
531 2187 564 2219 in
589 2197 681 2219 antea
708 2187 804 2219 editis
830 2187 876 2230 (v.
901 2199 928 2219 c.
951 2185 1025 2217 edd.
1043 2184 1120 2228 M),
1142 2183 1199 2215 sed
1225 2183 1346 2215 haben-

231 2240 284 2263 tur
317 2232 348 2263 in
374 2232 452 2264 Mss.
481 2241 532 2272 „et
565 2233 768 2264 mutabiles«
804 2233 843 2265 R.
869 2252 907 2255 -
949 2231 1016 2263 Csr.
1044 2230 1095 2262 ed.
1121 2230 1248 2272 Redep.
1273 2240 1345 2272 pag.

230 2278 305 2312 215.
328 2287 396 2310 not.
422 2277 472 2311 28.
572 2279 622 2320 ¹⁰)
648 2278 708 2310 Ed.
735 2277 783 2310 M.
810 2278 851 2309 ll.
879 2278 1064 2316 „sueruut.“
