<?xml version="1.0" encoding="UTF-8"?>
<!DOCTYPE html PUBLIC "-//W3C//DTD XHTML 1.0 Transitional//EN"
    "http://www.w3.org/TR/xhtml1/DTD/xhtml1-transitional.dtd">
<html xmlns="http://www.w3.org/1999/xhtml" xml:lang="en" lang="en">
 <head>
  <title>
</title>
<meta http-equiv="Content-Type" content="text/html;charset=utf-8" />
  <meta name='ocr-system' content='tesseract 3.04.00' />
  <meta name='ocr-capabilities' content='ocr_page ocr_carea ocr_par ocr_line ocrx_word'/>
</head>
<body>
  <div class='ocr_page' id='page_1' title='image "./operaomniaquaegr21orig/operaomniaquaegr21orig_0281.png"; bbox 0 0 1404 2463; ppageno 0'>
   <div class='ocr_carea' id='block_1_1' title="bbox 369 91 1183 126">
    <p class='ocr_par' dir='ltr' id='par_1_1' title="bbox 369 91 1183 126">
     <span class='ocr_line' id='line_1_1' title="bbox 369 91 1183 126; baseline -0.005 0"><span class='ocrx_word' id='word_1_1' title='bbox 369 106 412 126; x_wconf 72' lang='grc' dir='ltr'>υε</span> <span class='ocrx_word' id='word_1_2' title='bbox 439 94 633 126; x_wconf 67' lang='grc' dir='ltr'>ΡκιΝοιΡιιε</span> <span class='ocrx_word' id='word_1_3' title='bbox 660 94 766 125; x_wconf 56' lang='lat' dir='ltr'>Luam</span> <span class='ocrx_word' id='word_1_4' title='bbox 793 93 848 124; x_wconf 79' lang='grc' dir='ltr'>ἷΗ.</span> <span class='ocrx_word' id='word_1_5' title='bbox 1117 91 1183 126; x_wconf 87' lang='grc'>267</span> 
     </span>
    </p>
   </div>
   <div class='ocr_carea' id='block_1_2' title="bbox 63 180 1200 1761">
    <p class='ocr_par' dir='ltr' id='par_1_2' title="bbox 63 180 1189 901">
     <span class='ocr_line' id='line_1_2' title="bbox 63 180 1181 226; baseline -0.003 -10"><span class='ocrx_word' id='word_1_6' title='bbox 63 185 107 216; x_wconf 86' lang='lat' dir='ltr'>Et</span> <span class='ocrx_word' id='word_1_7' title='bbox 128 184 163 216; x_wconf 83' lang='lat' dir='ltr'>in</span> <span class='ocrx_word' id='word_1_8' title='bbox 186 183 252 216; x_wconf 85' lang='lat' dir='ltr'>alio</span> <span class='ocrx_word' id='word_1_9' title='bbox 281 184 372 216; x_wconf 83' lang='lat' dir='ltr'>loco:</span> <span class='ocrx_word' id='word_1_10' title='bbox 409 183 517 226; x_wconf 79' lang='lat' dir='ltr'><strong>„Et¹)</strong></span> <span class='ocrx_word' id='word_1_11' title='bbox 544 181 646 221; x_wconf 74' lang='lat' dir='ltr'>velle,</span> <span class='ocrx_word' id='word_1_12' title='bbox 683 190 714 213; x_wconf 88' lang='lat' dir='ltr'>et</span> <span class='ocrx_word' id='word_1_13' title='bbox 739 181 911 224; x_wconf 70' lang='lat' dir='ltr'>&#39;perficere</span> <span class='ocrx_word' id='word_1_14' title='bbox 937 193 974 212; x_wconf 85' lang='lat' dir='ltr'>ex</span> <span class='ocrx_word' id='word_1_15' title='bbox 998 180 1074 213; x_wconf 92' lang='lat' dir='ltr'>Deo</span> <span class='ocrx_word' id='word_1_16' title='bbox 1101 186 1181 214; x_wconf 77' lang='lat' dir='ltr'>est,“</span> 
     </span>
     <span class='ocr_line' id='line_1_3' title="bbox 65 241 1184 286; baseline -0.003 -8"><span class='ocrx_word' id='word_1_17' title='bbox 65 245 109 278; x_wconf 87' lang='lat' dir='ltr'>Et</span> <span class='ocrx_word' id='word_1_18' title='bbox 132 246 252 278; x_wconf 84' lang='lat' dir='ltr'>iterum</span> <span class='ocrx_word' id='word_1_19' title='bbox 284 246 315 277; x_wconf 87' lang='lat' dir='ltr'>in</span> <span class='ocrx_word' id='word_1_20' title='bbox 341 245 406 278; x_wconf 81' lang='lat' dir='ltr'>alio</span> <span class='ocrx_word' id='word_1_21' title='bbox 439 246 534 277; x_wconf 83' lang='lat' dir='ltr'>loco:</span> <span class='ocrx_word' id='word_1_22' title='bbox 573 242 726 286; x_wconf 74' lang='lat' dir='ltr'>„Erg‹›²)</span> <span class='ocrx_word' id='word_1_23' title='bbox 753 242 803 274; x_wconf 82' lang='lat' dir='ltr'>cui</span> <span class='ocrx_word' id='word_1_24' title='bbox 832 243 903 274; x_wconf 89' lang='lat' dir='ltr'>vult</span> <span class='ocrx_word' id='word_1_25' title='bbox 926 241 1119 281; x_wconf 82' lang='lat' dir='ltr'>miseretur,</span> <span class='ocrx_word' id='word_1_26' title='bbox 1151 252 1184 275; x_wconf 85' lang='lat' dir='ltr'>et</span> 
     </span>
     <span class='ocr_line' id='line_1_4' title="bbox 67 303 1183 352; baseline -0.002 -13"><span class='ocrx_word' id='word_1_27' title='bbox 67 320 167 352; x_wconf 89' lang='lat' dir='ltr'>quem</span> <span class='ocrx_word' id='word_1_28' title='bbox 195 308 264 339; x_wconf 89' lang='lat' dir='ltr'>vult</span> <span class='ocrx_word' id='word_1_29' title='bbox 288 307 430 340; x_wconf 77' lang='lat' dir='ltr'>indurat.</span> <span class='ocrx_word' id='word_1_30' title='bbox 475 306 577 337; x_wconf 88' lang='lat' dir='ltr'><strong>Dices</strong></span> <span class='ocrx_word' id='word_1_31' title='bbox 600 304 712 348; x_wconf 73' lang='lat' dir='ltr'>itaque</span> <span class='ocrx_word' id='word_1_32' title='bbox 737 303 836 335; x_wconf 80' lang='lat' dir='ltr'>mihi:</span> <span class='ocrx_word' id='word_1_33' title='bbox 864 303 955 346; x_wconf 84' lang='lat' dir='ltr'>Quid</span> <span class='ocrx_word' id='word_1_34' title='bbox 982 315 1058 343; x_wconf 87' lang='lat' dir='ltr'>ergo</span> <span class='ocrx_word' id='word_1_35' title='bbox 1077 305 1183 343; x_wconf 81' lang='lat' dir='ltr'>adhuc</span> 
     </span>
     <span class='ocr_line' id='line_1_5' title="bbox 67 365 1182 413; baseline -0.004 -12"><span class='ocrx_word' id='word_1_36' title='bbox 67 369 248 413; x_wconf 76' lang='lat' dir='ltr'>culpat?³)</span> <span class='ocrx_word' id='word_1_37' title='bbox 273 366 446 400; x_wconf 70' lang='lat' dir='ltr'>Voluntati</span> <span class='ocrx_word' id='word_1_38' title='bbox 472 366 559 401; x_wconf 85' lang='lat' dir='ltr'>enim</span> <span class='ocrx_word' id='word_1_39' title='bbox 585 365 653 407; x_wconf 73' lang='lat' dir='ltr'>ejus</span> <span class='ocrx_word' id='word_1_40' title='bbox 680 365 750 408; x_wconf 83' lang='lat' dir='ltr'>quis</span> <span class='ocrx_word' id='word_1_41' title='bbox 775 365 927 398; x_wconf 75' lang='lat' dir='ltr'><strong>resistet?</strong></span> <span class='ocrx_word' id='word_1_42' title='bbox 952 365 981 397; x_wconf 91' lang='grc' dir='ltr'><strong>Ο</strong></span> <span class='ocrx_word' id='word_1_43' title='bbox 1008 365 1122 405; x_wconf 77' lang='lat' dir='ltr'>homo,</span> <span class='ocrx_word' id='word_1_44' title='bbox 1149 375 1182 397; x_wconf 79' lang='lat' dir='ltr'>tu</span> 
     </span>
     <span class='ocr_line' id='line_1_6' title="bbox 67 426 1185 474; baseline -0.004 -11"><span class='ocrx_word' id='word_1_45' title='bbox 67 431 138 474; x_wconf 87' lang='lat' dir='ltr'>quis</span> <span class='ocrx_word' id='word_1_46' title='bbox 176 444 227 470; x_wconf 82' lang='lat' dir='ltr'>es,</span> <span class='ocrx_word' id='word_1_47' title='bbox 273 429 329 474; x_wconf 87' lang='lat' dir='ltr'>qui</span> <span class='ocrx_word' id='word_1_48' title='bbox 361 438 473 460; x_wconf 78' lang='lat' dir='ltr'>contra</span> <span class='ocrx_word' id='word_1_49' title='bbox 512 427 713 470; x_wconf 76' lang='lat' dir='ltr'>respondeas</span> <span class='ocrx_word' id='word_1_50' title='bbox 749 426 848 458; x_wconf 78' lang='lat' dir='ltr'>Deo?</span> <span class='ocrx_word' id='word_1_51' title='bbox 894 426 1064 470; x_wconf 85' lang='lat' dir='ltr'>Numquid</span> <span class='ocrx_word' id='word_1_52' title='bbox 1105 427 1185 459; x_wconf 66' lang='lat' dir='ltr'>divit</span> 
     </span>
     <span class='ocr_line' id='line_1_7' title="bbox 67 487 1185 533; baseline -0.004 -9"><span class='ocrx_word' id='word_1_53' title='bbox 67 492 260 533; x_wconf 75' lang='lat' dir='ltr'>figmentum</span> <span class='ocrx_word' id='word_1_54' title='bbox 286 491 332 529; x_wconf 84' lang='lat' dir='ltr'>ei,</span> <span class='ocrx_word' id='word_1_55' title='bbox 371 490 427 533; x_wconf 92' lang='lat' dir='ltr'>qui</span> <span class='ocrx_word' id='word_1_56' title='bbox 451 502 484 521; x_wconf 85' lang='lat' dir='ltr'>se</span> <span class='ocrx_word' id='word_1_57' title='bbox 509 488 619 520; x_wconf 79' lang='lat' dir='ltr'>finxit:</span> <span class='ocrx_word' id='word_1_58' title='bbox 647 487 740 530; x_wconf 85' lang='lat' dir='ltr'>Quid</span> <span class='ocrx_word' id='word_1_59' title='bbox 765 500 818 519; x_wconf 83' lang='lat' dir='ltr'>me</span> <span class='ocrx_word' id='word_1_60' title='bbox 843 487 951 519; x_wconf 79' lang='lat' dir='ltr'>fecisti</span> <span class='ocrx_word' id='word_1_61' title='bbox 976 488 1046 520; x_wconf 86' lang='lat' dir='ltr'>sic?</span> <span class='ocrx_word' id='word_1_62' title='bbox 1072 490 1138 520; x_wconf 88' lang='lat' dir='ltr'>Aut</span> <span class='ocrx_word' id='word_1_63' title='bbox 1154 489 1185 532; x_wconf 71' lang='lat'>⁴)</span> 
     </span>
     <span class='ocr_line' id='line_1_8' title="bbox 67 549 1186 595; baseline -0.003 -10"><span class='ocrx_word' id='word_1_64' title='bbox 67 566 134 585; x_wconf 86' lang='lat' dir='ltr'>non</span> <span class='ocrx_word' id='word_1_65' title='bbox 168 554 265 585; x_wconf 85' lang='lat' dir='ltr'>habet</span> <span class='ocrx_word' id='word_1_66' title='bbox 290 560 487 595; x_wconf 74' lang='lat' dir='ltr'>potestatem</span> <span class='ocrx_word' id='word_1_67' title='bbox 514 549 633 590; x_wconf 76' lang='lat' dir='ltr'>figulus</span> <span class='ocrx_word' id='word_1_68' title='bbox 659 549 717 581; x_wconf 75' lang='lat' dir='ltr'>luti</span> <span class='ocrx_word' id='word_1_69' title='bbox 745 562 781 581; x_wconf 88' lang='lat' dir='ltr'>ex</span> <span class='ocrx_word' id='word_1_70' title='bbox 807 550 922 581; x_wconf 77' lang='lat' dir='ltr'>eadem</span> <span class='ocrx_word' id='word_1_71' title='bbox 949 563 1052 582; x_wconf 76' lang='lat' dir='ltr'>massa</span> <span class='ocrx_word' id='word_1_72' title='bbox 1078 552 1186 582; x_wconf 82' lang='lat' dir='ltr'>facere</span> 
     </span>
     <span class='ocr_line' id='line_1_9' title="bbox 68 611 1187 657; baseline -0.001 -13"><span class='ocrx_word' id='word_1_73' title='bbox 68 627 122 646; x_wconf 78' lang='lat' dir='ltr'>vas</span> <span class='ocrx_word' id='word_1_74' title='bbox 146 614 234 646; x_wconf 82' lang='lat' dir='ltr'>aliud</span> <span class='ocrx_word' id='word_1_75' title='bbox 261 612 394 657; x_wconf 83' lang='lat' dir='ltr'>quidem</span> <span class='ocrx_word' id='word_1_76' title='bbox 418 612 457 643; x_wconf 80' lang='lat' dir='ltr'>ad</span> <span class='ocrx_word' id='word_1_77' title='bbox 484 612 665 649; x_wconf 77' lang='lat' dir='ltr'>honorem,</span> <span class='ocrx_word' id='word_1_78' title='bbox 697 611 788 642; x_wconf 81' lang='lat' dir='ltr'>aliud</span> <span class='ocrx_word' id='word_1_79' title='bbox 812 620 923 642; x_wconf 75' lang='lat' dir='ltr'>autem</span> <span class='ocrx_word' id='word_1_80' title='bbox 947 612 986 643; x_wconf 87' lang='lat' dir='ltr'>ad</span> <span class='ocrx_word' id='word_1_81' title='bbox 1014 621 1187 643; x_wconf 76' lang='lat' dir='ltr'>contume-</span> 
     </span>
     <span class='ocr_line' id='line_1_10' title="bbox 69 668 1188 716; baseline 0 -10"><span class='ocrx_word' id='word_1_82' title='bbox 69 675 197 708; x_wconf 82' lang='lat' dir='ltr'>liam?“</span> <span class='ocrx_word' id='word_1_83' title='bbox 239 674 329 705; x_wconf 77' lang='lat' dir='ltr'>Haec</span> <span class='ocrx_word' id='word_1_84' title='bbox 362 682 393 705; x_wconf 75' lang='lat' dir='ltr'>ct</span> <span class='ocrx_word' id='word_1_85' title='bbox 425 668 472 704; x_wconf 84' lang='lat' dir='ltr'>hi&#39;s</span> <span class='ocrx_word' id='word_1_86' title='bbox 504 672 625 704; x_wconf 84' lang='lat' dir='ltr'>similia</span> <span class='ocrx_word' id='word_1_87' title='bbox 657 685 724 704; x_wconf 88' lang='lat' dir='ltr'>non</span> <span class='ocrx_word' id='word_1_88' title='bbox 756 685 872 716; x_wconf 85' lang='lat' dir='ltr'>parum</span> <span class='ocrx_word' id='word_1_89' title='bbox 898 672 1056 705; x_wconf 85' lang='lat' dir='ltr'>videntur</span> <span class='ocrx_word' id='word_1_90' title='bbox 1080 674 1188 706; x_wconf 78' lang='lat' dir='ltr'>deter-</span> 
     </span>
     <span class='ocr_line' id='line_1_11' title="bbox 68 733 1188 779; baseline 0 -12"><span class='ocrx_word' id='word_1_91' title='bbox 68 749 139 767; x_wconf 85' lang='lat' dir='ltr'>rere</span> <span class='ocrx_word' id='word_1_92' title='bbox 164 747 261 779; x_wconf 82' lang='lat' dir='ltr'>posse</span> <span class='ocrx_word' id='word_1_93' title='bbox 287 734 568 778; x_wconf 76' lang='lat' dir='ltr'>quamplurimos,</span> <span class='ocrx_word' id='word_1_94' title='bbox 592 746 632 765; x_wconf 89' lang='lat' dir='ltr'>ne</span> <span class='ocrx_word' id='word_1_95' title='bbox 659 743 794 777; x_wconf 74' lang='lat' dir='ltr'>putetur</span> <span class='ocrx_word' id='word_1_96' title='bbox 816 733 1041 778; x_wconf 68' lang='lat' dir='ltr'>unusquisque</span> <span class='ocrx_word' id='word_1_97' title='bbox 1066 735 1188 767; x_wconf 73' lang='lat' dir='ltr'>habere</span> 
     </span>
     <span class='ocr_line' id='line_1_12' title="bbox 65 794 1189 839; baseline 0.001 -12"><span class='ocrx_word' id='word_1_98' title='bbox 65 796 116 827; x_wconf 80' lang='lat' dir='ltr'>sui</span> <span class='ocrx_word' id='word_1_99' title='bbox 147 795 274 828; x_wconf 81' lang='lat' dir='ltr'>arbitrii</span> <span class='ocrx_word' id='word_1_100' title='bbox 308 796 514 834; x_wconf 80' lang='lat' dir='ltr'>libertatem,</span> <span class='ocrx_word' id='word_1_101' title='bbox 548 796 607 827; x_wconf 87' lang='lat' dir='ltr'>sed</span> <span class='ocrx_word' id='word_1_102' title='bbox 638 795 730 839; x_wconf 72' lang='lat' dir='ltr'>quod</span> <span class='ocrx_word' id='word_1_103' title='bbox 763 808 799 827; x_wconf 86' lang='lat' dir='ltr'>ex</span> <span class='ocrx_word' id='word_1_104' title='bbox 831 794 897 826; x_wconf 85' lang='lat' dir='ltr'>Dei</span> <span class='ocrx_word' id='word_1_105' title='bbox 932 795 1103 828; x_wconf 82' lang='lat' dir='ltr'>voluntate</span> <span class='ocrx_word' id='word_1_106' title='bbox 1136 797 1189 828; x_wconf 73' lang='lat' dir='ltr'>vel</span> 
     </span>
     <span class='ocr_line' id='line_1_13' title="bbox 67 856 738 901; baseline -0.003 -12"><span class='ocrx_word' id='word_1_107' title='bbox 67 857 185 889; x_wconf 77' lang='lat' dir='ltr'>salvari</span> <span class='ocrx_word' id='word_1_108' title='bbox 209 857 338 901; x_wconf 80' lang='lat' dir='ltr'>aliquis,</span> <span class='ocrx_word' id='word_1_109' title='bbox 365 857 416 888; x_wconf 80' lang='lat' dir='ltr'>vel</span> <span class='ocrx_word' id='word_1_110' title='bbox 441 857 550 901; x_wconf 86' lang='lat' dir='ltr'>perire</span> <span class='ocrx_word' id='word_1_111' title='bbox 575 856 738 888; x_wconf 85' lang='lat' dir='ltr'>videatur.</span> 
     </span>
    </p>

    <p class='ocr_par' dir='ltr' id='par_1_3' title="bbox 69 917 1200 1761">
     <span class='ocr_line' id='line_1_14' title="bbox 155 917 1193 962; baseline -0.001 -10"><span class='ocrx_word' id='word_1_112' title='bbox 155 918 186 953; x_wconf 83' lang='grc'>8.</span> <span class='ocrx_word' id='word_1_113' title='bbox 234 918 437 962; x_wconf 73' lang='lat' dir='ltr'>Incipiamus</span> <span class='ocrx_word' id='word_1_114' title='bbox 461 918 560 959; x_wconf 77' lang='lat' dir='ltr'>igitur</span> <span class='ocrx_word' id='word_1_115' title='bbox 583 918 625 949; x_wconf 85' lang='lat' dir='ltr'>ab</span> <span class='ocrx_word' id='word_1_116' title='bbox 649 917 714 956; x_wconf 82' lang='lat' dir='ltr'>his,</span> <span class='ocrx_word' id='word_1_117' title='bbox 753 917 850 961; x_wconf 78' lang='lat'>(115)</span> <span class='ocrx_word' id='word_1_118' title='bbox 875 930 958 962; x_wconf 83' lang='lat' dir='ltr'>quae</span> <span class='ocrx_word' id='word_1_119' title='bbox 982 919 1022 950; x_wconf 80' lang='lat' dir='ltr'>ad</span> <span class='ocrx_word' id='word_1_120' title='bbox 1047 919 1193 951; x_wconf 76' lang='lat' dir='ltr'>Pharao-</span> 
     </span>
     <span class='ocr_line' id='line_1_15' title="bbox 69 979 1193 1024; baseline 0.001 -12"><span class='ocrx_word' id='word_1_121' title='bbox 69 993 144 1013; x_wconf 90' lang='lat' dir='ltr'>nem</span> <span class='ocrx_word' id='word_1_122' title='bbox 170 980 258 1012; x_wconf 83' lang='lat' dir='ltr'>dicta</span> <span class='ocrx_word' id='word_1_123' title='bbox 282 990 376 1019; x_wconf 80' lang='lat' dir='ltr'>sunt,</span> <span class='ocrx_word' id='word_1_124' title='bbox 403 980 502 1024; x_wconf 77' lang='lat' dir='ltr'>qui⁵)</span> <span class='ocrx_word' id='word_1_125' title='bbox 528 993 545 1011; x_wconf 84' lang='lat' dir='ltr'>a</span> <span class='ocrx_word' id='word_1_126' title='bbox 569 980 645 1011; x_wconf 80' lang='lat' dir='ltr'>Deo</span> <span class='ocrx_word' id='word_1_127' title='bbox 672 979 796 1010; x_wconf 83' lang='lat' dir='ltr'>dicitur</span> <span class='ocrx_word' id='word_1_128' title='bbox 819 979 990 1011; x_wconf 86' lang='lat' dir='ltr'>induratus</span> <span class='ocrx_word' id='word_1_129' title='bbox 1014 993 1055 1011; x_wconf 91' lang='lat' dir='ltr'>ne</span> <span class='ocrx_word' id='word_1_130' title='bbox 1081 980 1193 1013; x_wconf 84' lang='lat' dir='ltr'>dimit-</span> 
     </span>
     <span class='ocr_line' id='line_1_16' title="bbox 70 1040 1192 1085; baseline 0 -11"><span class='ocrx_word' id='word_1_131' title='bbox 70 1050 155 1074; x_wconf 81' lang='lat' dir='ltr'>teret</span> <span class='ocrx_word' id='word_1_132' title='bbox 179 1041 365 1085; x_wconf 86' lang='lat' dir='ltr'>populum;</span> <span class='ocrx_word' id='word_1_133' title='bbox 390 1054 465 1072; x_wconf 88' lang='lat' dir='ltr'>cum</span> <span class='ocrx_word' id='word_1_134' title='bbox 490 1054 556 1084; x_wconf 92' lang='lat' dir='ltr'>quo</span> <span class='ocrx_word' id='word_1_135' title='bbox 582 1040 706 1084; x_wconf 78' lang='lat' dir='ltr'>pariter</span> <span class='ocrx_word' id='word_1_136' title='bbox 724 1041 821 1072; x_wconf 81' lang='lat' dir='ltr'>etiam</span> <span class='ocrx_word' id='word_1_137' title='bbox 846 1040 990 1084; x_wconf 82' lang='lat' dir='ltr'>apostoli</span> <span class='ocrx_word' id='word_1_138' title='bbox 1008 1040 1066 1073; x_wconf 84' lang='lat' dir='ltr'>ille</span> <span class='ocrx_word' id='word_1_139' title='bbox 1082 1055 1192 1074; x_wconf 85' lang='lat' dir='ltr'>sermo</span> 
     </span>
     <span class='ocr_line' id='line_1_17' title="bbox 69 1101 1193 1147; baseline 0.001 -12"><span class='ocrx_word' id='word_1_140' title='bbox 69 1103 273 1142; x_wconf 70' lang='lat' dir='ltr'>tractabitur,</span> <span class='ocrx_word' id='word_1_141' title='bbox 297 1116 364 1147; x_wconf 86' lang='lat' dir='ltr'>quo</span> <span class='ocrx_word' id='word_1_142' title='bbox 389 1103 451 1135; x_wconf 86' lang='lat' dir='ltr'>ait:</span> <span class='ocrx_word' id='word_1_143' title='bbox 478 1103 587 1144; x_wconf 85' lang='lat' dir='ltr'>„Ergo</span> <span class='ocrx_word' id='word_1_144' title='bbox 601 1103 634 1145; x_wconf 68' lang='grc' dir='ltr'>ὃ)</span> <span class='ocrx_word' id='word_1_145' title='bbox 653 1101 705 1133; x_wconf 89' lang='lat' dir='ltr'>cui</span> <span class='ocrx_word' id='word_1_146' title='bbox 731 1102 802 1133; x_wconf 79' lang='lat' dir='ltr'>vult</span> <span class='ocrx_word' id='word_1_147' title='bbox 826 1101 1011 1141; x_wconf 85' lang='lat' dir='ltr'>miseretur,</span> <span class='ocrx_word' id='word_1_148' title='bbox 1036 1112 1068 1135; x_wconf 85' lang='lat' dir='ltr'>ct</span> <span class='ocrx_word' id='word_1_149' title='bbox 1093 1117 1193 1147; x_wconf 88' lang='lat' dir='ltr'>quem</span> 
     </span>
     <span class='ocr_line' id='line_1_18' title="bbox 73 1163 1194 1208; baseline 0 -12"><span class='ocrx_word' id='word_1_150' title='bbox 73 1165 145 1197; x_wconf 78' lang='lat' dir='ltr'>vult</span> <span class='ocrx_word' id='word_1_151' title='bbox 169 1164 331 1196; x_wconf 77' lang='lat' dir='ltr'>indurat.«</span> <span class='ocrx_word' id='word_1_152' title='bbox 377 1163 436 1195; x_wconf 85' lang='lat' dir='ltr'>His</span> <span class='ocrx_word' id='word_1_153' title='bbox 461 1165 549 1196; x_wconf 83' lang='lat' dir='ltr'>enim</span> <span class='ocrx_word' id='word_1_154' title='bbox 575 1163 754 1208; x_wconf 78' lang='lat' dir='ltr'>praecipue</span> <span class='ocrx_word' id='word_1_155' title='bbox 779 1163 932 1195; x_wconf 77' lang='lat' dir='ltr'>nituntur</span> <span class='ocrx_word' id='word_1_156' title='bbox 954 1164 1120 1203; x_wconf 83' lang='lat' dir='ltr'>haeretici,</span> <span class='ocrx_word' id='word_1_157' title='bbox 1145 1165 1194 1197; x_wconf 88' lang='lat' dir='ltr'>di-</span> 
     </span>
     <span class='ocr_line' id='line_1_19' title="bbox 71 1224 1194 1269; baseline 0 -11"><span class='ocrx_word' id='word_1_158' title='bbox 71 1235 182 1258; x_wconf 83' lang='lat' dir='ltr'>centes</span> <span class='ocrx_word' id='word_1_159' title='bbox 213 1238 280 1257; x_wconf 85' lang='lat' dir='ltr'>non</span> <span class='ocrx_word' id='word_1_160' title='bbox 307 1238 375 1257; x_wconf 76' lang='lat' dir='ltr'>esse</span> <span class='ocrx_word' id='word_1_161' title='bbox 401 1226 432 1258; x_wconf 91' lang='lat' dir='ltr'>in</span> <span class='ocrx_word' id='word_1_162' title='bbox 458 1235 569 1258; x_wconf 81' lang='lat' dir='ltr'>nostra</span> <span class='ocrx_word' id='word_1_163' title='bbox 593 1229 759 1269; x_wconf 72' lang='lat' dir='ltr'>potestate</span> <span class='ocrx_word' id='word_1_164' title='bbox 784 1233 820 1255; x_wconf 91' lang='lat' dir='ltr'>ut</span> <span class='ocrx_word' id='word_1_165' title='bbox 843 1224 1025 1264; x_wconf 79' lang='lat' dir='ltr'>salvemur,</span> <span class='ocrx_word' id='word_1_166' title='bbox 1056 1226 1113 1258; x_wconf 88' lang='lat' dir='ltr'>sed</span> <span class='ocrx_word' id='word_1_167' title='bbox 1138 1239 1194 1258; x_wconf 81' lang='lat' dir='ltr'>na-</span> 
     </span>
     <span class='ocr_line' id='line_1_20' title="bbox 71 1285 1195 1330; baseline 0 -11"><span class='ocrx_word' id='word_1_168' title='bbox 71 1297 160 1320; x_wconf 86' lang='lat' dir='ltr'>turas</span> <span class='ocrx_word' id='word_1_169' title='bbox 185 1300 253 1319; x_wconf 83' lang='lat' dir='ltr'>esse</span> <span class='ocrx_word' id='word_1_170' title='bbox 277 1286 461 1318; x_wconf 78' lang='lat' dir='ltr'>animarum</span> <span class='ocrx_word' id='word_1_171' title='bbox 486 1287 578 1325; x_wconf 83' lang='lat' dir='ltr'>tales,</span> <span class='ocrx_word' id='word_1_172' title='bbox 603 1299 686 1330; x_wconf 88' lang='lat' dir='ltr'>quae</span> <span class='ocrx_word' id='word_1_173' title='bbox 711 1285 803 1317; x_wconf 90' lang='lat' dir='ltr'>omni</span> <span class='ocrx_word' id='word_1_174' title='bbox 827 1297 946 1326; x_wconf 84' lang='lat' dir='ltr'>genere</span> <span class='ocrx_word' id='word_1_175' title='bbox 973 1287 1024 1317; x_wconf 85' lang='lat' dir='ltr'>vel</span> <span class='ocrx_word' id='word_1_176' title='bbox 1048 1297 1195 1330; x_wconf 84' lang='lat' dir='ltr'>pereant,</span> 
     </span>
     <span class='ocr_line' id='line_1_21' title="bbox 73 1345 1196 1391; baseline -0.004 -11"><span class='ocrx_word' id='word_1_177' title='bbox 73 1349 127 1381; x_wconf 89' lang='lat' dir='ltr'>vel</span> <span class='ocrx_word' id='word_1_178' title='bbox 152 1349 337 1380; x_wconf 80' lang='lat' dir='ltr'>salvemur:</span> <span class='ocrx_word' id='word_1_179' title='bbox 369 1361 430 1380; x_wconf 84' lang='lat' dir='ltr'>nec</span> <span class='ocrx_word' id='word_1_180' title='bbox 454 1348 526 1380; x_wconf 84' lang='lat' dir='ltr'>ullo</span> <span class='ocrx_word' id='word_1_181' title='bbox 551 1348 655 1380; x_wconf 91' lang='lat' dir='ltr'>modo</span> <span class='ocrx_word' id='word_1_182' title='bbox 680 1345 785 1390; x_wconf 81' lang='lat' dir='ltr'>possit</span> <span class='ocrx_word' id='word_1_183' title='bbox 809 1345 935 1386; x_wconf 86' lang='lat' dir='ltr'>anima,</span> <span class='ocrx_word' id='word_1_184' title='bbox 972 1360 1054 1390; x_wconf 82' lang='lat' dir='ltr'>quae</span> <span class='ocrx_word' id='word_1_185' title='bbox 1068 1347 1100 1391; x_wconf 85' lang='lat'>⁷)</span> <span class='ocrx_word' id='word_1_186' title='bbox 1126 1362 1196 1381; x_wconf 77' lang='lat' dir='ltr'>ma-</span> 
     </span>
     <span class='ocr_line' id='line_1_22' title="bbox 74 1409 1197 1455; baseline 0 -13"><span class='ocrx_word' id='word_1_187' title='bbox 74 1411 124 1442; x_wconf 83' lang='lat' dir='ltr'>lae</span> <span class='ocrx_word' id='word_1_188' title='bbox 147 1419 282 1442; x_wconf 81' lang='lat' dir='ltr'>naturae</span> <span class='ocrx_word' id='word_1_189' title='bbox 308 1418 365 1446; x_wconf 81' lang='lat' dir='ltr'>est.</span> <span class='ocrx_word' id='word_1_190' title='bbox 380 1409 477 1440; x_wconf 56' lang='lat' dir='ltr'>‘bona</span> <span class='ocrx_word' id='word_1_191' title='bbox 500 1409 591 1449; x_wconf 79' lang='lat' dir='ltr'>fleri;</span> <span class='ocrx_word' id='word_1_192' title='bbox 613 1417 670 1440; x_wconf 81' lang='lat' dir='ltr'>aut</span> <span class='ocrx_word' id='word_1_193' title='bbox 694 1421 777 1455; x_wconf 79' lang='lat' dir='ltr'>quae</span> <span class='ocrx_word' id='word_1_194' title='bbox 802 1409 909 1439; x_wconf 88' lang='lat' dir='ltr'>bonae</span> <span class='ocrx_word' id='word_1_195' title='bbox 934 1417 1068 1440; x_wconf 79' lang='lat' dir='ltr'>naturae</span> <span class='ocrx_word' id='word_1_196' title='bbox 1087 1410 1197 1449; x_wconf 81' lang='lat' dir='ltr'>fuerit,</span> 
     </span>
     <span class='ocr_line' id='line_1_23' title="bbox 74 1469 1196 1513; baseline 0 -9"><span class='ocrx_word' id='word_1_197' title='bbox 74 1472 161 1504; x_wconf 78' lang='lat' dir='ltr'>mala</span> <span class='ocrx_word' id='word_1_198' title='bbox 185 1470 283 1504; x_wconf 83' lang='lat' dir='ltr'>effici.</span> <span class='ocrx_word' id='word_1_199' title='bbox 330 1470 430 1503; x_wconf 82' lang='lat' dir='ltr'>Unde</span> <span class='ocrx_word' id='word_1_200' title='bbox 453 1470 545 1502; x_wconf 86' lang='lat' dir='ltr'>aiunt</span> <span class='ocrx_word' id='word_1_201' title='bbox 569 1479 602 1502; x_wconf 84' lang='lat' dir='ltr'>et</span> <span class='ocrx_word' id='word_1_202' title='bbox 627 1469 853 1508; x_wconf 75' lang='lat' dir='ltr'>Pharaonem,</span> <span class='ocrx_word' id='word_1_203' title='bbox 878 1470 1037 1513; x_wconf 84' lang='lat' dir='ltr'>quoniam</span> <span class='ocrx_word' id='word_1_204' title='bbox 1061 1481 1196 1504; x_wconf 75' lang='lat' dir='ltr'>naturae</span> 
     </span>
     <span class='ocr_line' id='line_1_24' title="bbox 74 1530 1197 1578; baseline 0 -12"><span class='ocrx_word' id='word_1_205' title='bbox 74 1543 143 1566; x_wconf 81' lang='lat' dir='ltr'>erat</span> <span class='ocrx_word' id='word_1_206' title='bbox 165 1533 326 1578; x_wconf 84' lang='lat' dir='ltr'>perditae,</span> <span class='ocrx_word' id='word_1_207' title='bbox 351 1541 530 1576; x_wconf 78' lang='lat' dir='ltr'>propterea</span> <span class='ocrx_word' id='word_1_208' title='bbox 555 1530 703 1563; x_wconf 85' lang='lat' dir='ltr'>indurari</span> <span class='ocrx_word' id='word_1_209' title='bbox 728 1543 746 1562; x_wconf 84' lang='lat' dir='ltr'>a</span> <span class='ocrx_word' id='word_1_210' title='bbox 770 1531 866 1571; x_wconf 85' lang='lat' dir='ltr'>Deo,</span> <span class='ocrx_word' id='word_1_211' title='bbox 891 1531 948 1576; x_wconf 87' lang='lat' dir='ltr'>qui</span> <span class='ocrx_word' id='word_1_212' title='bbox 973 1531 1105 1565; x_wconf 77' lang='lat' dir='ltr'>indurat</span> <span class='ocrx_word' id='word_1_213' title='bbox 1129 1546 1197 1573; x_wconf 83' lang='lat' dir='ltr'>eos,</span> 
     </span>
     <span class='ocr_line' id='line_1_25' title="bbox 77 1593 1196 1640; baseline 0.001 -14"><span class='ocrx_word' id='word_1_214' title='bbox 77 1595 134 1639; x_wconf 85' lang='lat' dir='ltr'>qui</span> <span class='ocrx_word' id='word_1_215' title='bbox 164 1604 313 1627; x_wconf 82' lang='lat' dir='ltr'>terrenae</span> <span class='ocrx_word' id='word_1_216' title='bbox 338 1603 474 1626; x_wconf 87' lang='lat' dir='ltr'>naturae</span> <span class='ocrx_word' id='word_1_217' title='bbox 498 1603 591 1635; x_wconf 70' lang='lat' dir='ltr'>sunt,</span> <span class='ocrx_word' id='word_1_218' title='bbox 626 1593 802 1625; x_wconf 80' lang='lat' dir='ltr'>miseretur</span> <span class='ocrx_word' id='word_1_219' title='bbox 825 1602 934 1624; x_wconf 81' lang='lat' dir='ltr'>autem</span> <span class='ocrx_word' id='word_1_220' title='bbox 961 1606 1097 1634; x_wconf 87' lang='lat' dir='ltr'>eorum,</span> <span class='ocrx_word' id='word_1_221' title='bbox 1140 1596 1196 1640; x_wconf 88' lang='lat' dir='ltr'>qui</span> 
     </span>
     <span class='ocr_line' id='line_1_26' title="bbox 79 1655 1198 1699; baseline 0.001 -12"><span class='ocrx_word' id='word_1_222' title='bbox 79 1655 261 1699; x_wconf 79' lang='lat' dir='ltr'>spiritualis</span> <span class='ocrx_word' id='word_1_223' title='bbox 290 1664 425 1687; x_wconf 80' lang='lat' dir='ltr'>naturae</span> <span class='ocrx_word' id='word_1_224' title='bbox 456 1664 541 1688; x_wconf 90' lang='lat' dir='ltr'>sunt.</span> <span class='ocrx_word' id='word_1_225' title='bbox 592 1655 770 1687; x_wconf 81' lang='lat' dir='ltr'>Videamus</span> <span class='ocrx_word' id='word_1_226' title='bbox 802 1666 878 1695; x_wconf 84' lang='lat' dir='ltr'>ergo</span> <span class='ocrx_word' id='word_1_227' title='bbox 906 1655 1003 1698; x_wconf 88' lang='lat' dir='ltr'>quale</span> <span class='ocrx_word' id='word_1_228' title='bbox 1028 1664 1075 1687; x_wconf 86' lang='lat' dir='ltr'>est</span> <span class='ocrx_word' id='word_1_229' title='bbox 1099 1655 1198 1697; x_wconf 78' lang='lat' dir='ltr'>istud,</span> 
     </span>
     <span class='ocr_line' id='line_1_27' title="bbox 81 1715 1200 1761; baseline 0.002 -13"><span class='ocrx_word' id='word_1_230' title='bbox 81 1717 173 1761; x_wconf 88' lang='lat' dir='ltr'>quod</span> <span class='ocrx_word' id='word_1_231' title='bbox 196 1725 352 1754; x_wconf 81' lang='lat' dir='ltr'>asserunt,</span> <span class='ocrx_word' id='word_1_232' title='bbox 379 1725 412 1748; x_wconf 90' lang='lat' dir='ltr'>et</span> <span class='ocrx_word' id='word_1_233' title='bbox 436 1715 678 1758; x_wconf 81' lang='lat' dir='ltr'>interrogemus</span> <span class='ocrx_word' id='word_1_234' title='bbox 703 1728 759 1748; x_wconf 84' lang='lat' dir='ltr'>eos</span> <span class='ocrx_word' id='word_1_235' title='bbox 776 1716 899 1760; x_wconf 87' lang='lat' dir='ltr'>primo,</span> <span class='ocrx_word' id='word_1_236' title='bbox 923 1725 960 1748; x_wconf 91' lang='lat' dir='ltr'>ut</span> <span class='ocrx_word' id='word_1_237' title='bbox 976 1718 1200 1760; x_wconf 85' lang='lat' dir='ltr'>respondeant</span> 
     </span>
    </p>
   </div>
   <div class='ocr_carea' id='block_1_3' title="bbox 79 1776 1201 1821">
    <p class='ocr_par' dir='ltr' id='par_1_4' title="bbox 79 1776 1201 1821">
     <span class='ocr_line' id='line_1_28' title="bbox 79 1776 1201 1821; baseline 0.003 -12"><span class='ocrx_word' id='word_1_238' title='bbox 79 1777 185 1816; x_wconf 87' lang='lat' dir='ltr'>nobis,</span> <span class='ocrx_word' id='word_1_239' title='bbox 209 1777 236 1809; x_wconf 84' lang='lat' dir='ltr'>si</span> <span class='ocrx_word' id='word_1_240' title='bbox 259 1786 407 1809; x_wconf 77' lang='lat' dir='ltr'>terrenae</span> <span class='ocrx_word' id='word_1_241' title='bbox 430 1787 576 1816; x_wconf 71' lang='lat' dir='ltr'>naturae,</span> <span class='ocrx_word' id='word_1_242' title='bbox 601 1791 698 1821; x_wconf 85' lang='lat' dir='ltr'>quam</span> <span class='ocrx_word' id='word_1_243' title='bbox 722 1776 886 1821; x_wconf 81' lang='lat' dir='ltr'>perditam</span> <span class='ocrx_word' id='word_1_244' title='bbox 905 1776 1030 1817; x_wconf 81' lang='lat' dir='ltr'>dieunt,</span> <span class='ocrx_word' id='word_1_245' title='bbox 1054 1789 1201 1812; x_wconf 82' lang='lat' dir='ltr'>asserunt</span> 
     </span>
    </p>
   </div>
   <div class='ocr_carea' id='block_1_4' title="bbox 87 1875 273 1878">
    <p class='ocr_par' dir='ltr' id='par_1_5' title="bbox 87 1875 273 1878">
     <span class='ocr_line' id='line_1_29' title="bbox 87 1875 273 1878; baseline 0 0"><span class='ocrx_word' id='word_1_246' title='bbox 87 1875 273 1878; x_wconf 95' lang='lat' dir='ltr'> </span> 
     </span>
    </p>
   </div>
   <div class='ocr_carea' id='block_1_5' title="bbox 175 1954 1201 2108">
    <p class='ocr_par' dir='ltr' id='par_1_6' title="bbox 175 1954 1201 2108">
     <span class='ocr_line' id='line_1_30' title="bbox 178 1954 1156 1998; baseline 0.001 -11"><span class='ocrx_word' id='word_1_247' title='bbox 178 1956 208 1998; x_wconf 90' lang='lat'>¹)</span> <span class='ocrx_word' id='word_1_248' title='bbox 235 1955 302 1987; x_wconf 66' lang='lat' dir='ltr'>Cir.</span> <span class='ocrx_word' id='word_1_249' title='bbox 330 1954 476 1998; x_wconf 81' lang='lat' dir='ltr'>Philipp.</span> <span class='ocrx_word' id='word_1_250' title='bbox 505 1955 544 1993; x_wconf 82' lang='lat' dir='ltr'>ll,</span> <span class='ocrx_word' id='word_1_251' title='bbox 574 1954 622 1988; x_wconf 73' lang='lat'>13.</span> <span class='ocrx_word' id='word_1_252' title='bbox 732 1955 766 1998; x_wconf 82' lang='lat'>²)</span> <span class='ocrx_word' id='word_1_253' title='bbox 793 1955 889 1988; x_wconf 79' lang='lat' dir='ltr'>Rom.</span> <span class='ocrx_word' id='word_1_254' title='bbox 915 1955 975 1992; x_wconf 77' lang='lat' dir='ltr'>IX,</span> <span class='ocrx_word' id='word_1_255' title='bbox 1002 1955 1156 1990; x_wconf 70' lang='lat'>18—21.</span> 
     </span>
     <span class='ocr_line' id='line_1_31' title="bbox 175 2010 1201 2055; baseline 0.002 -14"><span class='ocrx_word' id='word_1_256' title='bbox 175 2011 208 2053; x_wconf 82' lang='lat'>³)</span> <span class='ocrx_word' id='word_1_257' title='bbox 235 2010 290 2042; x_wconf 84' lang='lat' dir='ltr'>Sic</span> <span class='ocrx_word' id='word_1_258' title='bbox 317 2011 393 2042; x_wconf 67' lang='grc' dir='ltr'>Μ534</span> <span class='ocrx_word' id='word_1_259' title='bbox 421 2010 510 2041; x_wconf 88' lang='lat' dir='ltr'>Libri</span> <span class='ocrx_word' id='word_1_260' title='bbox 536 2010 614 2042; x_wconf 73' lang='lat' dir='ltr'>editi</span> <span class='ocrx_word' id='word_1_261' title='bbox 633 2011 678 2053; x_wconf 93' lang='lat' dir='ltr'>(v.</span> <span class='ocrx_word' id='word_1_262' title='bbox 699 2023 726 2042; x_wconf 92' lang='lat' dir='ltr'>c.</span> <span class='ocrx_word' id='word_1_263' title='bbox 745 2010 894 2055; x_wconf 84' lang='lat' dir='ltr'>edd.M.)</span> <span class='ocrx_word' id='word_1_264' title='bbox 915 2011 1201 2055; x_wconf 70' lang='lat' dir='ltr'>›sculpamur?“R.</span> 
     </span>
     <span class='ocr_line' id='line_1_32' title="bbox 176 2066 739 2108; baseline 0.002 -10"><span class='ocrx_word' id='word_1_265' title='bbox 176 2066 208 2108; x_wconf 59' lang='grc'>4)</span> <span class='ocrx_word' id='word_1_266' title='bbox 233 2067 296 2098; x_wconf 84' lang='lat' dir='ltr'>Ed.</span> <span class='ocrx_word' id='word_1_267' title='bbox 324 2067 370 2099; x_wconf 85' lang='lat' dir='ltr'>M.</span> <span class='ocrx_word' id='word_1_268' title='bbox 395 2067 437 2098; x_wconf 82' lang='lat' dir='ltr'>ll.</span> <span class='ocrx_word' id='word_1_269' title='bbox 465 2067 537 2107; x_wconf 78' lang='lat' dir='ltr'>„An</span> <span class='ocrx_word' id='word_1_270' title='bbox 563 2070 650 2097; x_wconf 80' lang='lat' dir='ltr'>non“</span> <span class='ocrx_word' id='word_1_271' title='bbox 678 2075 739 2100; x_wconf 83' lang='lat' dir='ltr'>etc.</span> 
     </span>
    </p>
   </div>
   <div class='ocr_carea' id='block_1_6' title="bbox 85 2122 1200 2209">
    <p class='ocr_par' dir='ltr' id='par_1_7' title="bbox 85 2122 1200 2209">
     <span class='ocr_line' id='line_1_33' title="bbox 177 2122 1200 2167; baseline 0.002 -14"><span class='ocrx_word' id='word_1_272' title='bbox 177 2122 207 2163; x_wconf 67' lang='grc'>5)</span> <span class='ocrx_word' id='word_1_273' title='bbox 234 2122 295 2154; x_wconf 79' lang='lat' dir='ltr'>Ed.</span> <span class='ocrx_word' id='word_1_274' title='bbox 322 2122 370 2155; x_wconf 81' lang='lat' dir='ltr'>M.</span> <span class='ocrx_word' id='word_1_275' title='bbox 397 2123 419 2153; x_wconf 73' lang='grc' dir='ltr'>Ι.</span> <span class='ocrx_word' id='word_1_276' title='bbox 457 2122 550 2165; x_wconf 84' lang='lat' dir='ltr'>»quia</span> <span class='ocrx_word' id='word_1_277' title='bbox 583 2135 599 2154; x_wconf 88' lang='lat' dir='ltr'>a</span> <span class='ocrx_word' id='word_1_278' title='bbox 624 2123 721 2154; x_wconf 81' lang='lat' dir='ltr'>Deo“</span> <span class='ocrx_word' id='word_1_279' title='bbox 749 2131 822 2162; x_wconf 59' lang='lat' dir='ltr'>etc„</span> <span class='ocrx_word' id='word_1_280' title='bbox 863 2123 913 2155; x_wconf 85' lang='lat' dir='ltr'>ed.</span> <span class='ocrx_word' id='word_1_281' title='bbox 940 2123 989 2155; x_wconf 82' lang='grc' dir='ltr'>Μ.</span> <span class='ocrx_word' id='word_1_282' title='bbox 1018 2123 1054 2155; x_wconf 81' lang='grc' dir='ltr'>ΙΙ,</span> <span class='ocrx_word' id='word_1_283' title='bbox 1090 2124 1200 2167; x_wconf 86' lang='lat' dir='ltr'>„quod</span> 
     </span>
     <span class='ocr_line' id='line_1_34' title="bbox 85 2167 745 2209; baseline 0.002 -11"><span class='ocrx_word' id='word_1_284' title='bbox 85 2181 101 2198; x_wconf 77' lang='lat' dir='ltr'>a</span> <span class='ocrx_word' id='word_1_285' title='bbox 128 2167 221 2199; x_wconf 83' lang='lat' dir='ltr'>Deo«</span> <span class='ocrx_word' id='word_1_286' title='bbox 251 2176 310 2198; x_wconf 74' lang='lat' dir='ltr'>cte.</span> <span class='ocrx_word' id='word_1_287' title='bbox 429 2167 462 2209; x_wconf 78' lang='lat'>⁶)</span> <span class='ocrx_word' id='word_1_288' title='bbox 489 2168 586 2201; x_wconf 83' lang='lat' dir='ltr'>Rom.</span> <span class='ocrx_word' id='word_1_289' title='bbox 612 2168 668 2206; x_wconf 85' lang='lat' dir='ltr'>lX,</span> <span class='ocrx_word' id='word_1_290' title='bbox 697 2167 745 2201; x_wconf 65' lang='lat'>18¹.</span> 
     </span>
    </p>
   </div>
   <div class='ocr_carea' id='block_1_7' title="bbox 177 2222 1201 2267">
    <p class='ocr_par' dir='ltr' id='par_1_8' title="bbox 177 2222 1201 2267">
     <span class='ocr_line' id='line_1_35' title="bbox 177 2222 1201 2267; baseline 0 -12"><span class='ocrx_word' id='word_1_291' title='bbox 177 2223 209 2265; x_wconf 87' lang='lat'>⁷)</span> <span class='ocrx_word' id='word_1_292' title='bbox 235 2223 292 2256; x_wconf 82' lang='lat' dir='ltr'>Sic</span> <span class='ocrx_word' id='word_1_293' title='bbox 319 2222 512 2255; x_wconf 55' lang='lat' dir='ltr'>MsssLibri</span> <span class='ocrx_word' id='word_1_294' title='bbox 543 2223 624 2255; x_wconf 77' lang='lat' dir='ltr'>editi</span> <span class='ocrx_word' id='word_1_295' title='bbox 656 2225 700 2267; x_wconf 86' lang='lat' dir='ltr'>(v.</span> <span class='ocrx_word' id='word_1_296' title='bbox 733 2237 760 2256; x_wconf 90' lang='lat' dir='ltr'>c.</span> <span class='ocrx_word' id='word_1_297' title='bbox 786 2224 859 2256; x_wconf 78' lang='lat' dir='ltr'>edd.</span> <span class='ocrx_word' id='word_1_298' title='bbox 888 2222 953 2265; x_wconf 82' lang='grc' dir='ltr'>Μ.)</span> <span class='ocrx_word' id='word_1_299' title='bbox 987 2235 1090 2267; x_wconf 82' lang='lat' dir='ltr'>„quae</span> <span class='ocrx_word' id='word_1_300' title='bbox 1116 2224 1201 2255; x_wconf 72' lang='lat' dir='ltr'>mala</span> 
     </span>
    </p>
   </div>
   <div class='ocr_carea' id='block_1_8' title="bbox 85 2267 1203 2312">
    <p class='ocr_par' dir='ltr' id='par_1_9' title="bbox 85 2267 1203 2312">
     <span class='ocr_line' id='line_1_36' title="bbox 85 2267 1203 2312; baseline 0.002 -13"><span class='ocrx_word' id='word_1_301' title='bbox 85 2269 169 2300; x_wconf 72' lang='lat' dir='ltr'>facta</span> <span class='ocrx_word' id='word_1_302' title='bbox 194 2278 250 2307; x_wconf 77' lang='lat' dir='ltr'>est,</span> <span class='ocrx_word' id='word_1_303' title='bbox 277 2269 362 2300; x_wconf 85' lang='lat' dir='ltr'>bona</span> <span class='ocrx_word' id='word_1_304' title='bbox 388 2267 473 2300; x_wconf 73' lang='lat' dir='ltr'>ficri:</span> <span class='ocrx_word' id='word_1_305' title='bbox 499 2277 556 2301; x_wconf 79' lang='lat' dir='ltr'>aut</span> <span class='ocrx_word' id='word_1_306' title='bbox 579 2281 662 2312; x_wconf 83' lang='lat' dir='ltr'>quae</span> <span class='ocrx_word' id='word_1_307' title='bbox 687 2269 773 2300; x_wconf 82' lang='lat' dir='ltr'>bona</span> <span class='ocrx_word' id='word_1_308' title='bbox 791 2269 900 2308; x_wconf 82' lang='lat' dir='ltr'>suerit,</span> <span class='ocrx_word' id='word_1_309' title='bbox 925 2270 1010 2301; x_wconf 78' lang='lat' dir='ltr'>mala</span> <span class='ocrx_word' id='word_1_310' title='bbox 1028 2268 1148 2301; x_wconf 77' lang='lat' dir='ltr'>cssici.“</span> <span class='ocrx_word' id='word_1_311' title='bbox 1165 2269 1203 2301; x_wconf 64' lang='lat' dir='ltr'>li.</span> 
     </span>
    </p>
   </div>
  </div>
 </body>
</html>
