1404 2463
149 91 215 127 352
630 87 804 120 Omsstzms

152 179 248 213 inviti
280 186 448 222 praestare
482 176 594 209 officia
620 177 783 221 quaedam
810 177 877 216 his,
914 177 972 222 qui
996 177 1030 210 in
1054 178 1142 211 hunc
1165 188 1285 212 statum

151 242 349 275 deciderant
373 238 684 283 compellebantur,
709 240 751 271 ab
775 252 833 278 e0,
858 239 915 283 qui
940 238 973 272 in
997 253 1056 284 spe
1077 239 1288 285 subjiciebat,

151 318 221 338 non
244 302 467 344 intelligentes
493 300 648 345 quidam,
674 315 736 334 nec
759 301 989 344 advertentes,
1013 302 1107 346 quod
1131 315 1170 334 ex
1193 314 1289 346 prae-

152 365 349 399 cedentibus
385 363 484 396 liberi
523 362 653 395 arbitrii
685 362 790 395 causis
825 362 975 396 instituta
1013 363 1131 395 fuisset
1162 376 1180 396 a
1210 364 1287 396 Deo

153 426 385 473 dispositionis
410 425 470 458 ista
496 424 651 466 varietas,
689 424 838 456 arbitrati
864 433 941 457 sunt
965 425 1018 457 vel
1044 424 1190 457 fortuitis
1214 437 1289 457 mo—

150 491 258 529 tibus,
301 488 354 520 vel
385 486 524 528 satali1)
559 485 756 518 necessitate
786 486 838 528 agi
871 485 1001 526 omnia,
1043 499 1127 531 quae
1158 486 1192 519 in
1223 477 1289 519 boc

152 552 281 585 mundo
308 548 447 592 fiunt,²)
473 560 534 579 nec
560 560 631 580 esse
657 548 786 592 aliquid
815 549 848 581 in
873 558 990 581 nostro
1016 548 1166 582 arbitrio.
1191 548 1289 582 Unde

152 627 215 646 nec
239 612 306 645 Dei
331 609 580 656 providentiam
607 609 849 654 inculpabilem
875 610 1038 652 assignare
1062 619 1260 655 potuerunt.

244 674 277 709 6,
325 673 420 707 Sicut
444 681 556 703 autem
583 671 785 716 diximus,³)
813 671 888 716 quia
903 672 935 716 ⁴)
961 671 1086 711 multis,
1112 672 1164 704 vel
1189 671 1290 704 mini-

153 737 247 778 stris,
280 737 331 769 vel
363 734 570 775 rectoribus,
603 733 655 765 vel
687 733 941 766 auxiliatoribus
973 743 1136 776 eguerunt
1160 733 1291 767 animae

155 811 291 840 omnes,
317 808 400 841 quae
426 796 459 828 in
485 796 549 828 boc
577 795 703 827 mundo
730 805 876 827 versatae
900 805 994 828 sunt:
1024 795 1067 828 ita
1092 795 1126 828 in
1149 795 1292 828 novissi-

154 861 216 893 mis
240 859 469 903 temporibus,
497 871 571 889 cum
597 856 661 903 jam
687 856 761 889 finis
786 857 913 889 mundo
939 857 1113 901 proximus
1137 857 1292 890 immine-

153 932 222 963 ret,
255 930 289 953 et
313 920 346 952 in
371 919 525 952 ultimam
550 918 780 963 perditionem
807 932 906 951 omne
932 920 1114 952 humanum
1143 930 1293 961 vergeret

154 997 268 1026 genus,
293 981 514 1022 infirmatis⁵)
540 994 607 1013 non
633 981 744 1012 solum
770 980 831 1020 his,
858 980 914 1024 qui
939 982 1150 1022 regebantur,
1176 994 1290 1014 verum

157 1046 256 1078 etiam
290 1044 374 1083 illis,
414 1043 535 1087 quibus
567 1043 704 1085 regendi
736 1043 845 1074 fuerat
875 1041 1072 1074 sollicitudo
1105 1043 1293 1084 commissa,

154 1121 222 1141 non
248 1106 312 1152 jam
338 1105 397 1138 tali
423 1105 567 1145 auxilio,
602 1118 665 1137 nec
689 1104 853 1137 similibus
879 1104 945 1136 suis
969 1104 1114 1147 indiguit
1138 1105 1294 1138 defenso-

153 1169 266 1209 ribus,
302 1168 359 1200 sed
391 1167 538 1200 auctoris
563 1166 668 1211 ipsius
693 1176 725 1199 et
751 1166 910 1199 creatoris
934 1166 985 1199 sui
1011 1180 1112 1212 opem
1138 1167 1293 1212 depopo-

155 1233 230 1271 scit,
254 1229 313 1275 qui
340 1238 373 1262 et
396 1229 446 1261 his
471 1227 665 1268 obediendi,
686 1237 719 1260 et
742 1228 810 1260 illis
835 1228 971 1270 regendi
997 1238 1190 1274 corruptam
1214 1242 1292 1274 pro-

156 1295 336 1336 fanamque
373 1291 566 1323 restitueret
580 1293 612 1334 6)
645 1290 869 1335 disciplinam.
928 1290 1073 1335 Unde7)
1104 1291 1293 1334 unigenitus

156 1355 266 1388 Filius
284 1352 362 1393 Dei,
389 1352 443 1397 qui
471 1362 540 1384 erat
564 1353 703 1385 verbum
730 1361 762 1384 et
785 1352 947 1396 sapientia
964 1353 1084 1393 Patris,
1108 1366 1184 1386 cum
1210 1361 1295 1385 esset

158 1418 192 1449 in
219 1429 256 1448 ea
281 1415 387 1457 glori:-
413 1415 501 1459 apud
527 1415 673 1452 Patrem,
709 1427 806 1458 quam
832 1414 950 1447 habuit
975 1424 1050 1447 ante
1074 1428 1173 1460 quam
1197 1428 1294 1447 mun-

158 1479 220 1511 dus
255 1487 358 1515 esset,
389 1478 488 1521 (151)
521 1475 748 1519 exinanivitss)
778 1485 885 1508 semet
914 1475 1045 1520 ipsum,
1081 1486 1114 1509 et
1149 1477 1294 1509 formam

159 1540 246 1573 servi
285 1537 498 1583 accipiens⁹)
539 1538 685 1571 efficitur
726 1538 887 1570 obediens
925 1551 1029 1583 usque
1061 1538 1103 1570 ad
1137 1547 1294 1577 mortem,

160 1602 264 1646 ut'⁰)
291 1600 520 1633 obedientiam
553 1601 692 1632 doceret
724 1612 800 1639 eos,
837 1599 894 1644 qui
925 1613 994 1632 non
1027 1599 1125 1632 aliter
1147 1599 1210 1633 nisi
1235 1613 1297 1645 per

163 1663 391 1696 obedientiam
423 1663 566 1694 salutem
601 1661 760 1705 consequi
785 1670 959 1706 poterant:
996 1661 1134 1704 regendi
1160 1674 1297 1707 quoque

256 1799 286 1840 ¹)
311 1798 373 1830 Ed.
398 1797 447 1829 M.
473 1796 497 1828 l.
523 1809 718 1840 perperam:
745 1796 891 1838 „facili.“

255 1854 289 1898 ²)
318 1853 374 1886 Sic
399 1853 479 1885 Mss.
505 1853 597 1885 Editi
624 1853 671 1896 (v.
698 1866 725 1886 c.
751 1853 828 1884 edd.
856 1852 921 1897 Μ.)
947 1857 1075 1894 „sunt.“
1102 1853 1143 1885 R.

254 1910 288 1954 ³)
315 1909 371 1942 Sic
396 1910 476 1942 Mss.
502 1909 594 1941 Editi
620 1912 666 1953 (v.
692 1921 718 1941 c.
745 1909 821 1941 edd.
846 1909 914 1953 M.)
941 1908 1182 1941 »audivimus.“
1209 1908 1248 1940 R.

252 1968 286 2010 4)
315 1966 377 1998 Ed.
403 1966 452 1998 M.
478 1966 520 1998 Il.
550 1966 693 2010 »quodam

258 2021 290 2064 ⁵)
316 2022 377 2054 Ed.
402 2023 451 2055 M,
476 2022 500 2054 l.
526 2034 721 2066 perperam:
762 2020 983 2053 »infirmitatis
1007 2032 1075 2052 non
1100 2019 1210 2052 solum
1236 2019 1296 2059 his,

162 2067 220 2112 qui
251 2068 469 2109 gerebantur,
506 2079 621 2099 verum
654 2067 752 2099 etiam
783 2066 868 2108 illis,
904 2066 1023 2110 quibus
1054 2065 1192 2107 gerendi
1223 2066 1295 2097 fue-

161 2116 235 2145 rat“
262 2121 323 2143 etc.
464 2113 498 2156 ⁶)
522 2112 586 2145 Ed.
614 2112 662 2145 M.
691 2113 714 2147 l.
740 2111 944 2153 „restituet.“

256 2168 289 2209 τ)
314 2167 401 2200 Vide
428 2169 485 2201 lib.
511 2169 535 2200 I.
562 2169 603 2201 ad
627 2170 762 2202 Januar.
787 2181 862 2212 pag.
886 2167 938 2202 58.

254 2225 291 2265 ⁹)
317 2224 385 2256 Csr.
413 2224 560 2268 Philipp.
589 2225 627 2265 ll,
658 2226 687 2259 7.
711 2224 742 2259 8.
795 2226 828 2268 ⁹)
854 2224 919 2257 Ed.
937 2222 988 2256 M.
1007 2222 1045 2255 ll.
1074 2220 1291 2266 „recipiens.“

234 2281 286 2325 ¹⁰)
313 2280 380 2313 Csr.
409 2281 460 2313 ed.
488 2281 613 2324 l'tedep.
640 2294 711 2324 pag.
736 2280 813 2315 313.
838 2289 909 2314 not.
935 2280 964 2313 5.

1377 462 1383 504 v:-
1376 337 1385 453 ’τῇ
1375 183 1385 326 -1-5-2—
1374 149 1378 175 -·
