1404 2463
391 131 436 154 DE
463 119 658 154 ancmns
683 121 796 153 Lmen
822 120 876 152 lV.
1145 118 1211 152 443

79 219 198 255 putare
229 211 328 244 etiam
361 210 566 243 sensibiliter
587 209 746 254 impleta;
787 209 839 241 vel
863 216 1043 253 praecepta
1068 206 1138 253 ejus
1161 221 1210 240 se-

80 273 226 304 cundum
267 272 397 304 literam
435 284 503 304 non
540 272 663 304 debere
694 270 827 302 servari.
875 269 1211 313 Respondendum')

80 344 159 373 ergo
191 341 258 372 est,
296 333 454 376 quoniam
470 333 503 377 2)
536 345 554 365 a
590 331 689 364 nobis
725 331 899 364 evidenter
928 330 1153 370 decernitur,‘
1176 330 1209 362 in

77 392 336 436 quamplurimis
359 393 482 426 servari
494 393 526 438 3)
553 402 586 425 et
608 405 707 436 posse
733 401 764 424 et
790 401 950 436 oportere
973 390 1131 423 historiae
1157 404 1213 423 ve-

76 452 222 487 ritatem.
271 453 356 496 Quis
393 454 481 487 enirn
513 466 633 495 negare
665 452 834 497 potest‚⁴²)
868 453 960 496 quod
985 451 1151 484 Abraham
1176 452 1210 484 in

78 513 205 558 duplici
231 515 391 558 spelunca
407 516 440 559 ⁵)
465 515 615 559 sepultus
641 523 689 546 est
713 514 745 546 in
771 514 900 555 Ebron,
925 513 982 545 sed
1008 522 1041 545 et
1053 514 1086 557 ⁶)
1111 514 1211 554 Isaac,

48 616 51 621 ἱ
79 583 113 607 et
134 575 261 615 Jacob,
285 577 366 620 et7)
391 575 541 617 singulae
567 588 684 608 eorum
709 574 853 607 uxores?
882 574 946 606 Vel
969 573 1043 617 quis
1069 574 1212 615 dubitat,

79 638 172 681 quod
195 637 390 681 sichimass)
414 636 672 682 in.porti0nem
698 637 772 669 data
798 644 846 667 est
863 634 1015 679 Joseph?
1043 635 1094 667 vel
1118 637 1211 680 quod

75 697 265 730 Jerusalem
289 698 492 743 metropolis
517 708 566 731 est
588 699 757 737 Judaeae,
786 696 819 728 in
834 696 866 740 ⁹)
893 709 956 740 qua
982 705 1211 730 constructum

79 768 129 791 est
166 759 334 803 templum
366 759 434 792 Dei
473 772 490 791 a
529 758 738 792 Salomone?
776 767 809 789 et
847 757 910 789 alia
939 756 1211 791 innumerabilia.

78 819 192 852 Multo
231 820 319 852 enim
359 820 457 864 plura
495 830 590 860 sunt,
628 833 714 865 quae
750 819 935 852 secundum
966 818 1210 864 historiam¹⁰)

79 889 250 922 constant,
282 893 380 924 quam
407 894 461 920 ea,
498 894 582 925 quae
606 882 734 913 nudum
760 893 892 913 sensum
917 880 1091 913 continent
1113 881 1210 926 spiri—

75 942 212 974 malem.
261 942 419 986 Tum¹¹)
453 942 576 975 deinde
620 941 693 986 quis
732 954 800 973 non
838 942 983 974 affirmet
1017 943 1212 976 mandatum

77 1066 176 1085 vero.
201 1054 350 1094 „Omnes
375 1053 456 1085 Mss.
482 1052 607 1085 nostri:
634 1065 721 1098 quae
745 1066 767 1086 a
792 1054 972 1087 Salv-acore
997 1062 1059 1086 etc.
1093 1054 1211 1087 Plures

69 1098 190 1133 -Codd.
216 1098 339 1131 Graeci
370 1097 526 1129 similiter
555 1098 693 1130 habent:
735 1111 834 1141 παρα
859 1100 921 1132 τοῦ
947 1101 1019 1131 κτλ.
1067 1099 1135 1132 Sed
1159 1112 1213 1131 re-

80 1143 163 1174 ctius
187 1156 289 1175 unus:
315 1146 398 1184 nsok
423 1144 486 1176 τοῦ
512 1146 584 1176 κτλ.
578 1168 599 1181 .,
626 1152 658 1175 et
684 1143 765 1174 editi
790 1147 837 1187 (v.
864 1155 891 1175 c.
917 1143 992 1175 edd.
1019 1142 1085 1188 M.)
1110 1156 1147 1176 ac
1171 1144 1212 1176 li-

79 1188 132 1220 bri
156 1188 198 1220 de
223 1174 420 1231 Principiis:
446 1199 533 1231 quae
557 1189 597 1220 de
621 1189 823 1221 ,δσιίυοιίοιειι
851 1197 913 1220 etc.

175 1244 206 1286 ¹)
231 1243 333 1287 Apol.
365 1243 506 1286 Pamph.
538 1243 603 1275 loc.
636 1243 725 1276 laud.
758 1243 791 1275 in
824 1251 933 1275 textu:
968 1242 1214 1293 »Responden-

79 1288 159 1320 durn
186 1297 245 1326 est,
270 1287 451 1331 quoniam“
479 1297 553 1327 etc„
578 1287 610 1319 in
636 1288 742 1320 notis:
771 1287 874 1329 „Mss
891 1286 1045 1331 plerique
1064 1296 1095 1319 et
1114 1288 1212 1319 editi:

80 1334 361 1384 Respondendum
392 1339 442 1365 est
472 1345 568 1376 eryo,
606 1335 767 1376 quoniam
799 1342 860 1365 etc.
909 1332 977 1365 Sed
1009 1345 1087 1364 vox:
1125 1345 1214 1377 erqo,

79 1378 270 1410 redundare
295 1377 440 1417 videtur,
465 1386 498 1409 et
522 1386 612 1409 recte
639 1377 807 1409 omittitur
832 1377 864 1409 in
893 1377 979 1409 Cod.
1006 1376 1144 1418 Regio.“

171 1433 205 1476 ²)
229 1432 316 1464 Edd.
342 1433 389 1465 M.
418 1433 625 1477 „quomodo
633 1449 649 1463 «

172 1487 206 1531 3)
233 1488 334 1531 Apol.
361 1487 501 1532 Pamph.
530 1489 594 1520 loc.
622 1488 711 1520 laud
737 1487 769 1519 in
795 1496 904 1519 textu.
943 1488 1087 1528 „serv-‘ui
1113 1502 1216 1533 opor-

77 1541 149 1565 tere
180 1532 362 1565 Ιιὶεῑοιίεηειι
389 1542 464 1571 εἴα,
494 1533 527 1565 in
554 1532 660 1565 notis.
695 1532 810 1573 „libri
843 1532 883 1564 de
909 1533 1105 1576 Principiis:
1138 1548 1214 1568 ser-

78 1579 157 1611 vari
187 1584 219 1610 et
248 1590 345 1622 posse
376 1585 408 1611 et
432 1585 585 1622 oportere
609 1579 773 1611 historiae
797 1586 859 1609 etc.
908 1578 977 1610 Sed
1004 1591 1122 1611 omnes
1145 1579 1215 1624 huj.

79 1622 185 1666 Apol.
210 1623 289 1654 Mss.
314 1632 346 1654 et
372 1622 455 1655 editi
478 1632 516 1654 ut
540 1623 575 1654 in
599 1632 716 1654 nostro
743 1625 867 1653 textu.“

175 1677 209 1720 ¹²)
237 1679 337 1721 Apol.
364 1678 504 1721 Pamph.
532 1679 603 1713 loc.
623 1677 714 1710 laud.
743 1677 901 1721 „possit.“

174 1733 207 1776 ⁵)
234 1732 304 1766 Cfr.
331 1733 415 1766 Gen.
442 1734 572 1766 XXIII.
669 1733 703 1776 5)
729 1733 834 1764 Deest
860 1735 935 1774 „et“
961 1732 994 1765 in
1019 1733 1095 1767 edd.
1121 1735 1170 1767 M.

178 1787 212 1832 ⁷)
238 1788 295 1822 Sic
322 1788 402 1821 Mss.
429 1789 519 1821 Editi
546 1789 592 1833 (v.
612 1802 640 1821 c.
659 1789 733 1820 edd.
755 1789 820 1832 Μ.)
849 1797 901 1830 „et
927 1788 1048 1830 singuli
1074 1791 1218 1824 eorum?

81 1835 144 1867 Vel
170 1834 264 1878 quis“
292 1842 354 1866 etc.
379 1834 418 1865 R.

175 1889 233 1932 8)
236 1889 304 1921 Cfr.
331 1887 418 1923 Gen.
446 1889 504 1920 XL
510 1888 600 1927 VIII,
624 1888 678 1922 22.
706 1889 785 1921 coll.
810 1888 881 1922 Jos.
908 1889 1036 1929 XXlV,
1059 1890 1113 1924 32,

174 1945 207 1988 9)
239 1943 336 1988 Apol.
364 1943 505 1987 Pamph.
532 1943 595 1975 loc.
622 1944 711 1976 laud.
735 1952 773 1975 ut
803 1956 864 1975 nos
895 1943 929 1975 in
954 1953 1065 1985 textu,
1098 1945 1130 1978 in
1155 1960 1217 1978 no-

84 1989 454 2023 tis:»Wle1linus:z'n
472 1998 556 2039 qua
581 1991 801 2022 constztulum
825 1995 873 2021 esc
899 1991 1055 2043 templum
1079 1992 1217 2024 Domini

83 2044 145 2067 etc.
195 2034 261 2066 Sed
288 2034 368 2065 Mss.
401 2042 439 2064 ut
471 2032 505 2064 in
538 2042 649 2073 textu3
687 2033 749 2065 nisi
781 2034 875 2076 quod
909 2033 995 2067 Cod
1023 2036 1150 2067 Montis
1182 2037 1216 2069 S.

81 2078 260 2113 Michaelis
285 2077 442 2110 similiter
465 2078 580 2110 habet:
604 2079 754 2119 Dommi,
781 2087 814 2110 et
838 2078 1088 2112 Cenem-:ardus
1114 2083 1194 2114 Deo
1200 2086 1216 2102 “

157 2135 211 2178 ¹⁰)
237 2133 337 2177 Apol.
371 2133 513 2177 Pamph.
546 2133 613 2167 loc.
650 2133 739 2165 laud.
774 2157 790 2174 „
805 2133 979 2166 historiam
1017 2147 1093 2166 vera
1131 2145 1217 2174 sunt,

85 2183 208 2224 quam“
236 2188 298 2210 etc.

159 2241 214 2282 ¹¹)
239 2239 340 2283 Apol.
367 2239 508 2283 Pamph.
536 2239 600 2271 loc.
627 2239 717 2272 laud.
743 2239 777 2272 in
802 2242 910 2273 te'xtu:
939 2240 1046 2273 »Tum
1073 2240 1216 2273 deinde“

87 2294 161 2325 etc„
186 2285 219 2317 in
246 2284 348 2317 notis:
377 2285 528 2326 „Omnes
555 2284 636 2318 Mss.
662 2285 785 2318 nostri:
815 2288 907 2320 Tunc
931 2287 1060 2320 demde
1067 2290 1082 2307 “
1111 2296 1173 2319 etc.
