1404 2463
403 120 446 142 οε
473 110 664 144 ancn’ns
688 111 796 142 LIBER
822 111 847 143 Ι.
1134 110 1175 144 97

61 212 196 244 prorsus
221 200 261 231 de
287 200 440 239 homine,
464 200 522 232 sed
546 200 586 231 de
612 200 731 231 virtute
757 199 867 244 aliqua
891 200 1056 243 superiori
1078 200 1175 233 intel-

61 261 117 302 ligi
141 261 279 300 debeat,
311 274 394 305 quae
427 261 560 304 delapsa
592 261 691 292 fuerit
727 274 742 292 a
761 262 792 304 ¹)
816 260 1059 305 superioribus,
1085 270 1117 293 et
1142 262 1175 305 in

58 321 214 354 inferiora
240 335 276 354 ac
302 323 467 354 deteriora
499 320 644 366 dejecta,
679 334 715 353 ex
748 322 818 366 ipsa
849 322 1034 354 deferemus
1066 334 1174 354 exem-

58 383 170 427 plum,
211 397 247 416 ex
286 396 352 428 quo
390 382 654 416 manifestissime
696 383 956 423 demonstretur,
997 383 1174 416 contrarias

58 444 132 476 istas
145 445 178 488 ²)
212 444 434 488 malignusque
464 444 600 476 virtutes
632 457 698 476 non
720 453 834 477 natura
858 445 939 477 tales
964 457 1032 477 esse
1057 445 1173 476 condi-

57 514 116 546 tas,
142 506 194 538 vel
220 515 352 544 creatas,
376 507 433 538 sed
459 506 499 537 de
523 505 719 538 melioribus
737 506 862 539 venisse
887 506 919 538 in
945 505 1048 551 pejus,
1073 514 1171 549 atque

55 567 89 598 in
122 566 265 599 deterius
297 579 366 599 esse
398 579 587 607 conversas;
622 568 732 600 beatas
764 581 897 612 quoque
930 567 1004 599 illas
1036 567 1173 599 virtutes

57 641 124 660 non
150 641 218 660 esse
239 628 314 660 talis
338 631 482 667 naturae3
508 640 591 672 quae
614 629 816 661 contrarium
833 629 982 673 recipere
1006 641 1073 660 non
1096 640 1174 672 pos-

57 689 115 729 sit,
147 689 174 722 si
201 689 300 728 velit,
331 702 367 721 ac
391 689 549 731 negligat,
585 699 616 722 et
645 699 746 724 status
769 691 817 723 sui
841 690 1080 723 beatitudinem
1105 702 1173 722 non

59 751 151 782 omni
176 751 304 783 cautela
330 751 505 784 custodiat.
551 751 588 784 Si
613 752 698 784 enim
724 753 766 792 is,
791 753 847 797 qui
872 751 994 785 dicitur
1017 752 1171 796 princeps

57 812 156 857 Tyri,
190 813 333 844 refertur
357 812 478 856 quia³)
503 813 590 844 inter
613 821 741 844 sanctos
765 822 851 852 erat,
887 823 918 846 et
942 812 1172 845 immaculatus

59 883 137 912 erat,
163 883 194 905 et
218 873 250 905 in
276 874 429 917 paradiso
453 874 519 906 Dei
552 873 764 914 constitutus,
797 887 919 907 corona
950 886 1084 919 quoque
1115 874 1171 905 de-

57 935 142 967 coris
168 944 199 967 et
222 935 481 979 pulchritudinis
493 935 526 979 ⁴)
552 945 735 975 exornatus,
760 935 786 967 is
811 935 866 979 qui
889 935 964 968 talis
987 945 1064 974 erat,
1090 947 1173 979 quo-

57 997 161 1028 modo
198 995 310 1040 aliquo
342 1006 531 1029 sanctorum
562 997 701 1029 inferior
733 996 879 1041 fuisse⁵)
910 996 1073 1041 putandus
1104 994 1172 1028 est?

59 1058 193 1091 Corona
224 1057 312 1090 enim
344 1058 473 1090 decoris
505 1069 536 1090 et
571 1058 829 1102 pulchritudinis
842 1058 874 1102 ὃ)
906 1059 976 1102 ipse
1000 1057 1116 1096 fuisse,
1141 1066 1172 1088 et

59 1119 92 1151 in
122 1119 275 1163 paradiso
308 1117 373 1151 Dei
405 1119 587 1151 ambulasse
618 1119 847 1152 immaculatus
880 1118 1100 1151 describitur:
1141 1127 1172 1150 et

62 1180 234 1224 quomodo
266 1181 306 1212 ab
336 1180 447 1224 aliquo
473 1179 580 1223 putari
604 1189 732 1224 potest,
748 1181 780 1224 7)
811 1181 900 1225 quod
925 1181 985 1213 iste
1009 1179 1081 1212 talis
1104 1192 1172 1211 non

61 1309 231 1350 Augustini.
259 1309 315 1342 lib.
341 1308 397 1339 Xl.
424 1300 462 1339 ‹Ye
489 1308 618 1340 civitate
643 1308 707 1339 Dei
733 1320 790 1350 cap
771 1320 800 1350 p.
829 1307 878 1340 15.
910 1306 1104 1352 Hieronym.
1130 1307 1170 1338 ad

58 1354 237 1385 Damasum
263 1353 351 1385 etin
376 1352 473 1385 sesai.
507 1352 562 1384 lib.
590 1353 644 1386 lV.
676 1352 816 1393 Gregor.
847 1351 903 1383 lib.
927 1352 1067 1385 XXXM.
1092 1352 1169 1383 Mo-

58 1398 115 1431 sal.
141 1411 199 1442 cap
205 1398 290 1432 ..23
319 1397 432 1433 lsidm,
458 1398 498 1429 de
521 1410 651 1429 summo
675 1398 765 1429 bono
792 1396 847 1428 lib.
876 1397 898 1429 Ι.
923 1410 982 1441 cap
987 1396 1081 1437 ,12
1105 1396 1171 1428 Be-

58 1444 132 1475 dam
159 1444 214 1474 lib.
241 1452 360 1487 quaest
388 1452 508 1486 quaest.
534 1443 591 1474 lX.
622 1443 775 1475 Ambros.
800 1443 840 1473 de
867 1411 1022 1474 Paladpiso
1048 1455 1120 1486 cap.
1137 1441 1169 1474 2

58 1487 159 1521 Sed
149 1501 183 1520 ln
208 1487 270 1519 hoc
295 1489 336 1519 ab
361 1487 506 1529 Origene
531 1487 708 1526 differunt,
747 1487 837 1538 quod
870 1495 905 1518 ut
930 1487 1007 1527 ille,
1046 1496 1170 1518 temere

57 1545 124 1564 non
148 1542 267 1574 negent
296 1533 378 1564 hanc
408 1532 619 1576 prophetiam
650 1533 690 1564 de
716 1531 848 1563 homine
872 1544 946 1572 rege
971 1532 1050 1577 'lyri
1074 1543 1171 1575 posse

59 1577 1170 1667 Riss'ssii1:⁰21&.{i{¹⁵‹i¹e¹22¹0⁶nai{³¹1¹lissflssss¹iu1⁵1?regssmdiffi{Zssur‘ssss'

59 1676 177 1709 gnante
207 1667 371 1712 Josephus
404 1667 537 1711 Antiqq.
571 1667 628 1700 lib
655 1668 696 1699 X.
731 1680 790 1711 cap
828 1667 878 1700 11
916 1667 974 1700 lib.
1000 1667 1022 1698 l.
1058 1675 1170 1698 contra

60 1713 204 1757 Appion.
229 1725 300 1756 pag.
326 1712 421 1746 1046.
444 1714 546 1744 reffert
570 1714 686 1744 urbem
708 1712 832 1757 Tyrum
858 1725 874 1742 a
899 1711 1169 1744 Nabuchodono-

59 1770 133 1789 sore
159 1758 322 1790 obsessam
348 1770 415 1790 esse
441 1767 473 1789 et
497 1767 635 1801 captam.
664 1758 700 1790 R.

156 1814 184 1855 ⁸)
211 1813 258 1845 lta
283 1825 395 1845 omnes
422 1813 497 1845 Mss.
525 1813 614 1845 Alias
633 1814 686 1856 ·(ν.
713 1826 739 1845 c.
764 1812 798 1843 in
824 1812 898 1845 edd.
916 1812 981 1855 M.)
1008 1824 1045 1851 „a
1071 1824 1169 1855 supe—

62 1857 204 1889 rioribus
230 1858 269 1890 ad
293 1857 475 1897 inferiores,
502 1867 534 1890 et
558 1859 598 1890 ad
623 1858 807 1890 deteriora“
835 1866 896 1889 etc.
921 1857 950 1888 R

152 1912 186 1955 2)
210 1912 302 1945 Libri
327 1914 407 1946 editi
431 1916 476 1958 (v.
503 1927 530 1947 c.
558 1915 632 1948 edd.
658 1913 722 1958 M.)
758 1914 853 1954 „istas
884 1924 1080 1956 magnasque
1106 1911 1171 1942 vir«

62 1961 167 1990 Νηρεί(
193 1967 256 1990 etc.
303 1959 368 1991 Sed
393 1959 471 1991 Mss.
495 1969 533 1991 ut
554 1960 586 1991 in
610 1968 723 1991 nostro
748 1968 848 1991 textu.
873 1959 901 1990 R

151 2015 185 2057 ³)
208 2013 272 2047 Ed,
295 2015 344 2046 Μ,
371 2015 410 2048 ll.
435 2016 576 2058 „quod.“

153 2070 186 2113 ⁴)
213 2070 260 2101 lta
286 2070 364 2103 Mss.
389 2070 478 2102 Alias
502 2071 546 2113 (ν.
568 2083 594 2102 c.
611 2070 644 2102 in
662 2071 736 2102 edd.
758 2070 823 2114 Μ.)
848 2068 1114 2114 „plenitudinis.“
1131 2069 1169 2100 R.

152 2127 184 2169 5)
211 2126 313 2157 Deest
339 2126 488 2166 ‚,suisse‚“
514 2126 546 2157 in
572 2126 645 2159 edd.
671 2126 718 2159 Μ.

154 2182 187 2224 ⁶)
212 2170 297 2213 Eiid.
322 2181 368 2214 M.
397 2182 460 2213 hoc
493 2181 590 2213 loco:
625 2180 911 2225 pulchritudinis.“
941 2200 979 2205 -—
1009 2181 1075 2213 Cfr.
1099 2193 1170 2224 pag.

62 2227 128 2274 huj,
152 2235 221 2258 not.
246 2227 276 2259 4.

156 2283 188 2326 ⁷)
213 2282 269 2314 Sic
295 2283 372 2315 Mss.
399 2283 487 2315 Alias
511 2282 556 2326 (ν.
582 2296 608 2314 c.
634 2282 666 2314 in
693 2282 765 2314 edd.
793 2282 858 2326 M.)
885 2283 1020 2323 ‚,solet.“
1048 2282 1084 2313 R.

108 2344 282 2378 Onuonms
309 2344 435 2378 OPERA
461 2344 554 2377 ΤοΜ.
575 2344 670 2377 ΧΧΙ.
961 2343 979 2375 7
