1404 2463
405 123 453 147 DE
480 113 676 147 Pmucwns
701 114 812 147 Lini-:n
839 114 897 149 IV.
1162 112 1228 147 439

90 212 159 236 tem
195 203 398 236 educeretur
428 216 445 236 a
478 203 616 236 diabolo
640 201 794 245 Jesus,¹)
826 202 879 234 vel
913 200 1014 233 etiam
1039 200 1227 234 carnalibus

90 264 198 297 oculis
234 264 304 310 ejus
342 273 500 309 tanquam
539 263 707 310 subjecta,
747 273 779 296 et
809 262 993 309 adjacentia
1026 262 1084 294 uni
1115 261 1224 294 monti

89 325 204 358 omnia
226 325 343 357 mundi
369 326 561 358 ostenderet
584 338 695 367 regna,
727 324 760 356 id
788 333 847 363 est,
872 324 1048 356 Persarum
1073 336 1224 364 regnum,

89 395 123 418 et
155 387 372 432 Scytharum,
408 396 442 419 et
473 387 654 429 Indorum,
689 385 740 418 vel
778 385 955 430 quomodo
994 384 1093 417 etiam
1130 397 1224 426 reges

88 447 240 492 ipsorum
273 448 504 489 glorificantur
535 449 576 480 ab
606 446 824 480 hominibus?
861 446 929 480 Sed
963 454 996 478 et
1019 444 1083 478 alia
1107 458 1225 489 quam-

88 508 237 552 plurima
273 508 322 540 his
354 508 474 541 similia
508 509 542 541 in
566 507 757 550 Evangeliis
781 507 932 540 inveniet
957 506 1151 551 quicunque
1176 516 1225 538 at—

89 569 213 602 tentius
237 569 420 614 legerit,²)
458 579 489 602 et
514 571 665 602 advertet
687 568 737 601 his
762 567 1023 607 narrationibus,
1059 581 1145 612 quae
1171 581 1224 601 se-

87 631 237 663 cundum
269 630 400 664 literam
426 632 578 676 prolatae
603 631 780 670 videntur,
814 630 936 662 inserta
962 642 1032 661 esse
1056 630 1155 674 (176)
1180 629 1224 662 si-

91 692 230 737 mulque
265 702 420 725 contexta
446 705 501 731 ea,
540 705 623 737 quae
647 691 786 725 historia
812 690 951 736 quidem
975 703 1044 724 non
1069 690 1223 735 recipiat,

89 753 270 799 spiritualis
295 763 406 786 autem
431 762 544 786 teneat
568 753 769 786 intellectus.

180 814 232 849 17.
280 815 348 848 Sed
365 815 399 859 ³)
437 824 470 846 et
498 814 532 847 in
564 824 822 859 praeceptorum
854 813 938 847 locis
969 812 1092 846 similia
1122 826 1221 858 quae-

88 877 165 909 dam
196 875 423 908 inveniuntur.
473 877 507 908 In
540 876 613 918 lege
644 876 781 920 quidem
807 875 898 909 Mosi
929 874 1138 920 praecipitur
1167 888 1224 907 ex-

89 936 261 970 terminari
297 937 433 981 quidem
470 950 570 969 omne
606 937 849 978 masculinum,
891 936 984 980 quod
1018 949 1087 968 non
1118 936 1224 969 fuerit

90 1007 209 1031 octava
240 997 294 1030 die
319 997 571 1031 circumcisum:
608 999 701 1042 quod
726 998 824 1030 valde
847 997 1091 1041 inconsequens
1103 998 1136 1042 ⁴)
1163 1007 1223 1036 est,

91 1073 167 1091 cum
194 1068 369 1104 oporteret
393 1059 522 1103 utique,
545 1059 573 1091 si
599 1060 650 1091 lex
668 1059 852 1091 secundum
871 1058 1045 1091 historiam
1061 1059 1223 1091 servanda

92 1121 303 1161 tradebatur,
334 1120 445 1165 juberi
469 1129 507 1152 ut
530 1130 684 1164 parentes
708 1119 925 1165 punirentur,
950 1119 1008 1163 qui
1031 1120 1121 1152 filios
1144 1133 1223 1152 suos

89 1195 157 1215 non
184 1181 477 1222 circumciderunt,
501 1191 537 1214 ut
562 1191 596 1214 et
619 1181 665 1223 hi,
690 1181 746 1225 qui
763 1180 916 1213 nutriunt
932 1181 1102 1224 parvulos.
1126 1182 1224 1214 Nunc

94 1253 206 1277 autem
231 1243 313 1276 (licit
338 1243 529 1287 Scriptura:
557 1241 881 1285 „Incircumcisus⁵)
899 1242 1077 1284 masculus,
1101 1244 1139 1276 id
1161 1250 1221 1286 est,

90 1304 145 1349 qui
171 1318 240 1337 non
264 1304 368 1336 fuerit
387 1303 614 1343 circumcisus,
640 1302 916 1335 exterminabitur
930 1303 971 1335 de
989 1316 1110 1344 genere
1126 1307 1222 1337 su0.“

91 1366 128 1400 Si
160 1380 239 1398 vcro
265 1365 363 1398 etiam
390 1366 432 1398 de
456 1364 724 1409 impossibilibus
750 1363 878 1405 legibus
902 1363 1138 1408 inquirendum
1164 1374 1224 1406 est,

92 1427 280 1460 invenimus
297 1426 528 1470 tragelaphum
544 1426 610 1458 dici
624 1426 757 1465 animal,
775 1425 867 1469 quod
885 1425 1064 1458 subsistere
1081 1425 1222 1458 omnino

91 1502 159 1521 non
184 1498 308 1533 potest,
334 1489 425 1533 quod
451 1488 539 1520 inter
563 1488 687 1520 munda
711 1486 867 1520 animalia
891 1485 992 1519 etiam
1010 1486 1066 1520 edi
1078 1488 1111 1532 6)
1129 1486 1224 1532 jubet

190 1646 220 1689 ¹)
244 1645 352 1677 Deest
383 1644 416 1676 in
449 1643 546 1676 editis
576 1644 622 1688 (v,
650 1656 676 1676 c.
703 1643 778 1675 edd.
805 1641 890 1686 M.).‚
928 1642 987 1674 scd
1019 1642 1160 1675 habetur
1189 1641 1223 1674 in

95 1691 174 1723 Mss.
202 1691 353 1731 „Jesus.“
380 1690 420 1722 R.

187 1748 219 1790 ²)
248 1746 334 1781 Edd
359 1743 411 1778 M.
440 1742 590 1786 „legerit,
615 1756 654 1776 ex
678 1755 746 1786 quo
771 1743 944 1775 advertet“
964 1751 1028 1775 etc.

188 1802 221 1844 ³)
248 1801 317 1834 Cfr.
344 1801 398 1833 ed.
416 1801 545 1843 Redep.
571 1811 646 1843 pag.
665 1798 742 1833 350.
767 1808 838 1834 not.
854 1799 908 1833 21.
934 1798 1012 1831 coll.
1029 1800 1130 1831 Hom.
1148 1799 1223 1833 vll.

95 1846 130 1879 iu
153 1848 179 1879 l
184 1846 294 1879 evitic.

184 1903 218 1945 ⁴)
245 1901 303 1934 Sic
327 1901 406 1934 Mss.
431 1899 524 1932 Editi
551 1911 629 1931 vero
656 1899 702 1942 (v.
727 1912 754 1931 c.
781 1899 856 1931 edd.
876 1897 942 1942 M.)
969 1893 1228 1940 „inconveniens

95 1956 161 1980 est:
186 1960 262 1979 cum
288 1954 475 1990 oporteret,
502 1945 530 1976 si
556 1945 628 1976 lex“
657 1953 718 1976 ete.
743 1945 783 1977 R.

189 2002 222 2045 ⁵)
248 2001 334 2033 Gen.
359 2001 472 2039 XVII,
497 2000 550 2033 14.
576 1998 633 2032 Sic
657 1999 738 2032 Mss.
765 1999 801 2031 ln
826 1997 925 2031 editis
951 1999 997 2042 (v.
1024 2011 1051 2032 c.
1070 1998 1146 2031 edd.
1161 1999 1226 2041 M.)

97 2048 207 2079 deest:
234 2046 456 2086 „masculus.“
483 2045 523 2077 R.

191 2103 224 2144 5)
253 2103 298 2133 lta
324 2109 414 2132 recte
440 2099 579 2131 omnino
606 2099 686 2132 Mss.
711 2098 803 2131 Male
828 2110 909 2130 vero
935 2098 1018 2131 editi
1037 2098 1084 2142 (v-
1103 2112 1130 2130 c.
1149 2099 1225 2131 edd.

97 2147 168 2188 Μ)
196 2146 317 2186 „coli.“
368 2144 472 2187 Quod
504 2153 615 2176 autem
648 2145 694 2176 ait
725 2143 888 2185 Origenes
917 2143 1149 2187 tragelaphum
1181 2145 1230 2175 fa—

97 2192 256 2224 bulosum
291 2203 360 2222 esse
393 2189 534 2230 animal,
573 2197 606 2220 et
634 2189 797 2234 gryphum
830 2200 1000 2231 nunquam
1026 2189 1066 2220 ab
1092 2189 1229 2221 homine

97 2237 170 2268 ullo
198 2245 334 2280 captum
359 2247 440 2274 esse,
464 2234 497 2266 id
524 2247 617 2266 secus
642 2234 776 2265 videtur
801 2233 959 2265 omnibus
983 2235 1054 2265 sere
1077 2233 1229 2284 Scriptu-

111 2294 149 2313 ae
185 2293 296 2314 sacrae
335 2279 579 2312 iecentioribus
620 2278 872 2322 interpretibus.
936 2278 1023 2311 Vide
1060 2277 1230 2324 Synopsin
