1404 2463
179 80 242 115 196
651 79 826 113 ORIGEMS

181 170 330 202 videmus
356 170 495 209 inserta,
527 179 563 202 ut
596 170 680 202 illud
706 169 738 202 in
766 169 937 211 evangelio
963 170 1145 202 secundum
1170 170 1304 209 Lucam,

183 245 257 264 curn
295 232 376 264 dicit
402 231 540 264 Gabriel
574 231 615 263 ad
640 231 798 264 Mariam:
838 230 1049 275 „Spiritus¹)
1080 231 1220 263 Domini
1251 245 1304 264 su-

185 293 355 338 perveniet
382 293 414 325 in
441 303 491 331 tr,
524 302 556 324 et
580 291 682 325 virtus
712 292 860 324 altissimi
887 292 1101 325 obumbrabit
1123 293 1215 325 tibi.“
1262 293 1302 325 Et

184 356 357 400 apostolus
390 355 430 386 de
464 355 534 396 lege
561 353 661 393 dicit,
694 354 768 398 quia
781 354 814 399 ²)
851 354 1082 396 „similitudini
1114 363 1147 387 et
1169 355 1306 387 umbrae

184 416 375 450 deserviunt
400 413 619 448 ιὀεἰοειὶίυῐῐιίι
645 415 690 455 hi,
715 415 771 460 qui
797 416 960 448 carnalem
986 416 1109 448 habent
1133 415 1307 448 circumci-

185 478 324 511 sionem.
371 478 411 509 Et
444 478 521 509 alibi
559 477 699 510 dicitur:
733 478 920 521 „Nonne³)
944 478 1060 510 umbra
1087 487 1135 510 est
1158 477 1224 510 vita
1247 490 1308 510 no*—

187 550 250 572 stra
275 540 422 584 supet-⁴)
448 539 619 572 terram?“
646 539 683 571 Si
708 551 786 580 ergo
813 548 845 571 et
869 539 932 578 lex,
957 552 1040 583 quae
1064 552 1165 585 super
1187 549 1308 572 terram

188 611 253 641 est,
287 602 403 633 umbra
436 609 503 638 est,
536 609 567 632 et
603 599 667 632 vita
693 601 801 632 omnis
825 610 953 640 nostra,
985 614 1069 645 quae
1095 611 1142 634 est
1166 603 1308 646 super⁵)

188 673 320 701 terram,
344 663 461 694 umbra
487 671 545 701 est,
570 671 602 694 et
625 661 657 694 in
683 663 799 694 umbra
825 662 945 695 Christi
970 662 1113 695 vivimus
1131 663 1217 695 inter
1232 676 1307 705 gen-

190 735 252 757 tes:
289 725 469 756 videndum
501 733 569 762 est,
605 725 691 768 ne⁵)
719 724 834 756 harum
860 724 1010 756 omnium
1036 724 1154 756 veritas
1177 725 1311 757 umbra-

189 799 261 818 rum
276 787 306 829 ⁷)
333 786 364 817 in
390 785 446 817 illa
471 785 674 817 revelatione
701 795 867 825 noscatur,
893 799 967 818 cum
993 785 1056 831 jam
1078 799 1145 818 non
1162 798 1224 830 per
1238 798 1313 829 spe-

193 849 303 880 culum
329 848 406 889 est)
432 846 464 878 in
489 847 684 888 aenigmate,
712 847 770 879 sed
795 847 880 879 facie
903 848 944 880 ad
969 847 1087 880 faciem
1111 847 1214 879 sancti
1238 846 1312 891 qui-

190 922 253 954 que
278 908 418 950 gloriam
443 908 527 948 Dei,
562 918 594 940 et
619 921 729 940 rerum
755 921 866 941 causas
891 921 928 941 ac
953 909 1123 941 veritatem
1148 907 1313 952 speculari

191 972 416 1003 merebuntur.
478 969 580 1015 Cujus
619 969 766 1002 veritatis
801 980 939 1014 accepto
975 970 1040 1015 jam
1080 970 1218 1015 pignore
1253 982 1315 1014 per

191 1032 354 1077 Spiritum
381 1041 541 1070 sanctum,
566 1031 698 1064 dicebat
721 1032 912 1076 apostolus:
939 1031 1069 1072 „Etiam
1081 1033 1116 1076 ⁹)
1139 1031 1165 1064 si
1191 1044 1314 1073 cogno-

193 1096 298 1127 vimus
323 1094 492 1127 Christum
525 1094 707 1125 secundum
740 1106 871 1125 carnem
903 1093 1102 1138 aliquando,
1137 1093 1194 1126 sed
1227 1105 1315 1125 nunc

191 1156 253 1201 jam
281 1169 347 1188 non
372 1155 556 1188 novimus.“

281 1217 371 1249 Haec
404 1217 537 1249 interim
569 1217 666 1249 nobis
697 1215 924 1262 ad'praesens
949 1217 990 1248 de
1015 1217 1113 1249 rebus
1136 1225 1202 1248 tam
1229 1215 1317 1248 disfi-

195 1279 312 1316 cilibns
339 1279 593 1323 disputantibus,
616 1279 650 1311 id
677 1289 726 1311 est
751 1280 791 1311 de
815 1277 1053 1318 incarnatione,
1079 1287 1111 1310 et
1135 1279 1176 1310 de
1194 1278 1317 1310 deitate

195 1341 318 1373 Christi
357 1354 532 1373 occurrere
568 1350 759 1385 potuerunt.
808 1339 846 1373 Si
882 1339 955 1384 quis
990 1352 1066 1372 sane
1103 1339 1223 1372 melius
1257 1338 1317 1371 ali-

196 1403 275 1447 quid
292 1403 343 1446 ¹⁰)
369 1402 495 1446 poterit
525 1401 691 1441 invenire,
729 1411 762 1433 et
785 1401 1047 1434 evidentioribus
1072 1402 1113 1433 de
1138 1400 1319 1445 Scripturis

195 1465 314 1496 sanctis
350 1463 586 1496 assertionibus
620 1463 816 1495 confirmare
856 1475 939 1506 quae
976 1462 1075 1501 dicit,
1113 1461 1170 1495 illa
1207 1462 1320 1507 potius

197 1538 258 1570 qua
264 1540 294 1557 m
321 1527 400 1557 haec
425 1525 637 1570 recipiantur.

295 1668 325 1709 ¹)
349 1667 427 1698 Luc.
455 1666 476 1704 l,
494 1664 548 1699 35.
598 1665 630 1709 ²)
650 1665 711 1696 Ed.
733 1665 778 1696 M.
796 1665 834 1697 ll.
855 1664 999 1708 „quod.“
1014 1663 1317 1704 —Hebr.Vlll‚5.

290 1722 324 1764 3)
351 1721 452 1753 Hiob.
480 1722 571 1759 thl,
596 1722 627 1755 9.

289 1777 322 1820 ⁴)
347 1778 408 1809 Ed.
435 1777 538 1809 Ruaei
564 1786 595 1808 et
622 1776 748 1820 Rcdep.
774 1776 837 1807 hoc
862 1776 958 1808 loco:
984 1778 1135 1820 „supra.“

289 1834 322 1875 ἢ)
347 1833 409 1864 Ed.
439 1833 564 1876 liedep.
591 1833 679 1864 sola:
708 1844 857 1876 „supr-m«

291 1889 323 1931 ὃ)
349 1888 405 1921 Sic
432 1887 508 1919 libri
541 1887 622 1919 editi
648 1891 695 1931 (v.
721 1901 747 1921 c.
773 1888 849 1920 edd.
876 1887 940 1930 M.)
967 1886 1108 1930 Aliquot
1138 1899 1217 1918 vero
1243 1885 1321 1918 Mss.

202 1944 257 1967 »ut
281 1934 395 1965 barum
423 1933 605 1965 omniun1.“
634 1934 675 1966 Ρι.

290 1989 323 2032 ⁷)
352 1989 437 2021 Edd.
464 1987 509 2020 Μ.
538 1989 751 2028 „umbrarum
776 1989 844 2020 ulla
869 1987 1095 2019 revelatione“
1122 1995 1183 2018 etc.

292 2047 325 2085 ³)
351 2045 453 2075 Deest
481 2048 554 2084 ‚7et“
580 2043 612 2075 in
639 2045 713 2076 edd.
740 2045 786 2077 Μ.
813 2067 857 2073 —
882 2043 950 2076 Cfr.
979 2044 986 2074 l
1015 2043 1092 2075 Cor.
1117 2042 1214 2080 Xlll,
1241 2040 1291 2075 12.

295 2100 327 2141 9)
356 2100 381 2131 ll
409 2099 487 2131 Cor.
514 2100 550 2136 V,
580 2100 628 2133 16.
717 2101 768 2142 ¹⁰)
796 2100 898 2132 Deest
923 2097 1090 2142 „aliquid“
1115 2097 1148 2129 in
1175 2097 1249 2129 edd.
1276 2096 1322 2128 Μ.
