1404 2463
190 93 257 128 28ss
667 93 842 126 Onici-,ms

192 193 230 216 ut
260 183 351 228 apud
383 195 459 222 eos,
500 182 619 227 quibus
649 182 731 215 foris
763 182 882 226 positis
907 181 1046 215 Domini
1076 191 1108 214 et
1131 178 1314 213 Salvatoris

193 246 302 279 nostri
330 257 440 278 sermo
472 244 589 284 fiebat,
618 258 680 289 pro
707 245 805 290 (127)
831 257 889 284 (²0,
926 245 1017 289 quod
1041 252 1189 275 scrutans
1212 241 1314 274 corda

194 316 228 340 et
251 320 363 347 rencs,
393 307 610 352 praevidebat
641 319 698 339 eos
716 308 746 349 ι)
775 307 925 339 nondum
950 315 1046 351 aptos
1071 305 1185 348 esse²)
1209 301 1314 335 mani·

191 368 338 403 festioris
372 368 499 413 eloquii
529 368 679 413 recipere
712 369 915 407 doctrinam,
952 366 1182 412 profundioris
1210 377 1315 397 sacra-

192 431 297 464 menti
327 431 427 462 sudem
460 430 568 462 velato
593 444 746 463 sermone
771 439 982 471 contegeret;
1015 443 1056 462 ne
1081 430 1169 462 sorte
1193 426 1316 459 veloci·

193 504 245 526 ter
276 492 427 525 conversi
456 505 493 524 ac
517 492 638 532 sanati,
670 492 703 525 id
729 501 777 524 est
801 501 1013 536 peccatorum
1038 504 1174 524 suorum
1199 482 1314 523 remis-

191 555 286 587 sione
317 553 469 586 celeriter
498 554 690 598 accepta,³)
723 553 866 597 facile⁴)
891 554 1011 586 iterum
1037 553 1070 586 in
1095 553 1237 585 eundem
1262 563 1314 584 re-

192 617 342 650 ciderent
365 617 534 656 morbum,
570 628 669 660 quem
695 627 860 648 senserant
882 616 952 648 sine
978 616 1088 660 aliqua
1116 614 1314 647 difficultate
1340 615 1346 623 '

193 688 355 712 curatum.
393 677 496 720 Quod
521 677 636 721 utique
661 676 687 708 si
711 677 778 716 fiat,
802 677 886 709 nulli
912 678 1051 710 dubium
1078 686 1126 710 est
1150 674 1314 721 duplicari

191 754 355 786 poenam,
387 740 464 783 εἰῇ)
489 738 568 770 mali
593 748 766 779 augmenta
793 739 973 779 cumulari,
1005 740 1083 771 dum
1108 751 1176 771 non
1200 738 1312 771 solum

190 811 338 847 peccata,
364 814 447 845 quae
464 799 589 832 remitti
609 799 675 832 visa
692 801 831 841 fuerant,
855 810 1063 845 repetuntur,
1081 813 1196 832 verum
1214 800 1313 833 etiam

192 864 323 896 virtutis
354 862 427 894 aula
460 861 644 905 polluitur,
682 862 708 894 si
741 875 813 895 eam
844 863 981 894 dolosae
1012 871 1044 894 et
1068 862 1312 895 contaminatae

191 935 329 965 mentes,
353 924 472 968 plenae
496 922 692 955 intrinsecus
716 923 861 956 malitiae
887 924 1028 963 latentis,
1060 924 1313 966 conculcent.⁶)

190 988 235 1020 Et
259 987 350 1031 quod
367 985 396 1029 ⁷)
421 998 567 1029 unquam
592 984 714 1017 talibus
738 985 923 1017 remedium
949 985 1027 1026 crit,
1059 986 1116 1030 qui
1147 995 1223 1029 post
1246 999 1315 1018 ma·

191 1049 283 1081 litiae
306 1048 457 1092 impuros
482 1059 520 1078 ac
544 1046 699 1079 sordidos
724 1047 835 1086 cibos,
860 1048 1027 1088 degustata
1052 1047 1182 1080 virtutis
1205 1048 1312 1080 suavi·

190 1120 276 1150 tate,
310 1108 489 1141 dulcedine
521 1107 590 1154 ejus
620 1109 685 1141 suis
717 1109 868 1141 faucibus
891 1119 1044 1153 recepta,
1079 1122 1190 1142 rursus
1213 1122 1248 1142 se
1271 1110 1312 1142 ad

192 1171 380 1204 virulentos
419 1180 450 1202 et
491 1170 683 1204 mortiferos
723 1171 815 1203 cibos
850 1171 1018 1216 nequitiae
1055 1171 1314 1205 converterunt?

190 1234 236 1267 Et
268 1233 340 1278 quis
372 1231 503 1265 dubitat
526 1232 646 1264 melius
672 1246 740 1265 esse
764 1232 911 1274 differri,
944 1242 976 1265 et
999 1233 1131 1265 interim
1155 1233 1312 1278 relinqui,

190 1305 228 1328 ut
257 1295 284 1327 si
314 1295 403 1327 forte
433 1293 617 1326 satietatem
648 1293 793 1326 malitiae
826 1293 1005 1338 aliquando
1040 1294 1313 1340 ceperint,⁸)'et

191 1357 384 1389 horrescere
421 1356 594 1399 potuerint
607 1354 639 1399 ⁹)
673 1356 805 1396 sordes,
846 1355 880 1388 in
911 1356 1030 1400 quibus
1060 1369 1148 1389 nunc
1177 1357 1311 1415 {nterim

192 1419 409 1455 delectantur,
427 1418 478 1461 ¹⁰)
511 1427 590 1449 tunc
621 1418 757 1449 demum
789 1427 1020 1461 competenter
1050 1417 1088 1450 iis
1111 1432 1221 1451 sermo
1244 1418 1311 1451 Dei

191 1479 438 1518 manifestetur,
470 1488 502 1512 et
524 1492 592 1511 non
616 1489 764 1512 sanctum
789 1479 923 1511 canibus
946 1479 1111 1519 mittatur,
1142 1492 1204 1512 nec
1227 1492 1313 1512 mar-

285 1637 315 1680 ¹)
342 1636 398 1669 Sic
424 1636 502 1669 Mss.
526 1636 616 1668 Alias
640 1637 686 1680 (v.
714 1650 739 1668 c.
765 1635 797 1668 in
823 1636 898 1669 edd.
917 1636 980 1679 M.)
1006 1636 1114 1668 deest:
1140 1638 1251 1676 „eos.“
1270 1636 1310 1668 R.

283 1693 316 1734 ²)
343 1692 399 1725 Sic
424 1693 502 1725 Mss.
530 1694 565 1724 ln
593 1692 688 1725 editis
707 1693 754 1737 (v.
775 1705 802 1724 c.
821 1692 897 1725 edd.
917 1692 982 1735 M.)
1001 1692 1108 1724 deest:
1134 1695 1257 1733 „esse.“
1269 1691 1309 1724 R.

283 1750 316 1794 ³)
343 1749 404 1781 Ed.
431 1749 478 1781 M.
507 1749 528 1780 l.
555 1761 747 1792 perperam:
774 1752 980 1793 »acceptae.“

284 1806 317 1848 ²)
342 1805 398 1839 Sic
422 1806 502 1838 Mss.
528 1804 619 1837 Libri
645 1804 725 1836 editi
751 1805 796 1848 (v.
823 1818 849 1837 c.
876 1805 951 1837 edd.
977 1803 1042 1847 M.)
1070 1815 1202 1835 »aversa
1225 1802 1310 1835 facie

190 1851 331 1883 iterum“
358 1861 420 1884 etc.
445 1851 484 1882 R.

286 1907 317 1950 ⁵)
345 1907 392 1938 lta
417 1907 496 1938 Μ55.
524 1906 612 1938 Alias
645 1907 690 1949 (v.
716 1920 743 1939 c.
768 1905 803 1937 in
827 1906 901 1937 edd.
927 1905 992 1948 M.)
1026 1913 1079 1938 »et
1106 1903 1140 1936 in
1165 1902 1228 1936 alia
1252 1915 1308 1934 au-

192 1960 324 1993 gmenta
349 1971 408 1991 —,
434 1952 513 1984 dum
537 1972 577 1977 —
603 1951 671 1983 xisa
695 1951 839 1983 suerint“
866 1960 926 1984 etc.
951 1951 991 1984 R.

283 2008 316 2051 ⁶)
342 2007 427 2039 Edd.
454 2006 502 2039 Μ
529 2007 750 2047 „1nculcent«

285 2063 323 2113 ⁷)
343 2062 399 2094 Sic
424 2063 501 2094 Wlss.
527 2063 618 2095 Libri
644 2063 725 2095 editi
757 2063 804 2107 (v.
829 2075 856 2095 c.
882 2062 959 2098 edd.
983 2062 1049 2107 M.)
1082 2061 1196 2105 „quod
1224 2071 1308 2092 nun-

193 2121 290 2153 quam
314 2120 347 2138 m
373 2108 512 2139 talibus“
539 2117 600 2140 cte.
626 2109 666 2141 R.

282 2166 317 2206 Β)
341 2162 402 2194 E.d
429 2164 477 2196 Μ
506 2165 546 2196 ΙΙ.
572 2165 675 2197 male:
709 2164 933 2209 »coepe1·int.“

283 2220 317 2260 ⁹)
342 2219 429 2250 Edd.
457 2218 505 2251 M.
535 2229 740 2263 »poterunt«

265 2275 318 2316 ’⁰)
342 2274 404 2306 Ed.
432 2275 477 2307 M.
505 2276 544 2306 ll.
573 2276 832 2315 ,‚delec1entur.“
