1404 2463
149 86 216 122 292
636 87 781 121 Omen
788 96 816 119 is

153 175 344 220 meritoque
376 176 451 208 urbi
468 176 496 218 ¹)
524 175 684 208 liberatae
715 176 858 208 salutem
884 188 902 207 a
924 176 1003 208 Deo
1029 176 1222 220 praestitam
1249 177 1299 208 di-

153 236 277 276 cimus,
315 249 378 269 nec
409 245 521 269 tamen
553 249 616 280 per
647 237 713 269 hoc
744 237 890 269 defuisse
916 236 1056 277 vigilum
1083 237 1300 281 excubias,²)

154 298 371 342 procinctum
397 297 576 343 juvenum,
602 307 636 330 et
660 298 924 331 custodientium
953 298 1079 339 vigilias
1091 298 1124 341 3)
1150 298 1301 339 designa-

154 372 238 392 mus.
289 360 336 391 lta
363 368 396 391 ct
428 360 604 402 apostolus
618 359 651 402 ⁴)
676 359 798 392 dixisse
823 359 1064 400 intelligendus
1088 368 1154 398 est,
1192 371 1302 403 quon-

153 420 220 452 iam
252 433 322 452 non
358 420 484 452 sufficit
522 421 563 452 nd
595 420 837 464 perficiendam
869 421 1013 452 salutem
1045 420 1117 452 sola
1144 420 1302 452 voluntas

155 482 318 521 humana,
351 494 412 513 nec
437 481 581 514 idoneus
606 491 655 514 est
678 482 831 513 mortalis
858 495 971 514 cursus
996 482 1036 514 ad
1063 481 1307 525 consequenda,

156 543 335 582 coelestia,
376 551 410 574 et
445 544 488 575 ad
520 543 717 587 capiendam
749 542 898 586 palmam
923 555 1087 586 supernae
1113 541 1301 574 vocationis

156 604 223 637 Dei
247 604 281 636 in
308 603 442 637 Christo
466 604 565 642 Jesu,
591 603 653 636 nisi
677 605 759 636 haec
784 603 854 648 ipsa
881 604 1037 636 voluntas
1061 612 1174 636 nostra
1199 605 1302 641 bona,

157 674 400 709 promtumque
436 663 672 707 propositum,
713 674 746 696 et
782 677 1004 708 quaecunque
1043 665 1102 697 illa
1139 665 1173 696 in
1202 664 1302 696 nobis

158 739 227 759 esse
259 735 372 770 potest
403 724 588 763 industria,
622 725 738 757 divino
773 727 825 757 vel
857 725 1009 771 juvetur,
1046 726 1100 758 vel
1133 725 1303 758 muniatur

158 786 296 820 auxilio.
345 788 390 819 Et
414 786 494 817 ideo
519 787 615 817 valde
642 788 933 830 consequenter⁵)
960 786 1090 830 dixitss)
1115 787 1302 830 apostolus,

160 849 237 892 quia
254 849 284 892 ⁷)
313 861 403 889 „non
429 847 587 886 volentis,
610 860 721 891 neque
748 847 923 886 currentis,
955 849 1013 879 scd
1038 847 1229 880 miserentis
1255 857 1306 879 est

160 910 274 942 Dei:“
310 910 617 953 quemadmodum‘
636 908 663 940 si
677 909 711 951 8)
738 908 887 940 dicamus
913 908 954 939 de
979 909 1181 949 agricultura
1206 909 1304 946 illud,

159 971 252 1015 quod
276 971 443 1014 scriptum
468 979 535 1002 est:
569 970 662 1011 „Ego
677 969 710 1012 9)
737 969 897 1012 plantavi,
924 970 1053 1013 Apollo
1079 970 1214 1011 rigavit,
1245 970 1305 1002 sed

162 1031 254 1064 Deus
287 1031 535 1063 incrementum
569 1030 673 1062 dedit.
724 1030 911 1074 ltaque¹⁰)
942 1043 1051 1074 neque
1083 1031 1139 1074 qui
1165 1031 1304 1074 plantat,

162 1102 211 1126 est
243 1092 390 1136 aliquid,
426 1105 537 1136 neque
571 1093 629 1136 qui
665 1094 768 1133 rigat,
800 1092 857 1123 sed
893 1092 951 1136 qui
976 1092 1222 1124 incrementum
1249 1093 1303 1123 dat

162 1156 289 1187 Deus.“
340 1153 437 1186 Sicut
470 1166 550 1194 ergo
583 1166 658 1185 cum
690 1153 801 1184 bonos
831 1162 932 1197 atque
963 1155 1085 1186 uberes
1111 1154 1238 1186 fructus
1262 1153 1304 1185 ad

160 1217 347 1261 perfectam
375 1214 602 1247 maturitatem
629 1214 770 1259 pel-tuiit
794 1226 898 1255 seges,
922 1228 1024 1247 nemo
1049 1213 1176 1259 pie¹¹)
1202 1214 1304 1258 (131)

259 1395 290 1437 ¹)
315 1394 420 1425 Deest
444 1392 477 1424 in
503 1402 598 1424 antea
625 1393 724 1425 editis
749 1393 796 1436 (V.
821 1407 849 1426 c.
876 1394 953 1426 edd.
979 1394 1027 1427 Μ.
1031 1395 1057 1437 ),
1081 1395 1140 1427 sed
1165 1394 1306 1428 habetur

161 1440 194 1471 in
219 1439 301 1471 RIss.
329 1436 458 1479 „u1bi.“
486 1438 524 1469 R.
553 1455 591 1460 —
621 1438 689 1470 Csr.
714 1451 787 1482 pag.
814 1438 882 1483 huj.
909 1448 980 1471 not.
1005 1439 1026 1471 2

256 1495 290 1536 2)
315 1492 411 1525 Editi
444 1493 491 1536 (v.
517 1505 544 1525 c.
571 1491 648 1525 edd.
678 1493 741 1530 Μ)
770 1493 946 1534 „excubias
971 1493 1078 1525 urbi.“
1128 1493 1197 1526 Sed
1222 1493 1304 1525 Mss.

161 1547 197 1571 ut
222 1538 256 1570 in
281 1547 398 1570 nostro
423 1547 526 1569 textu.
552 1537 592 1569 R.
618 1557 663 1561 -—
690 1538 758 1570 Cf..
785 1551 858 1582 pag.
883 1538 952 1583 huj.
977 1547 1050 1571 not.
1076 1539 1125 1571 1.

254 1595 288 1638 3)
316 1595 354 1626 ln
381 1592 480 1625 editis
506 1593 549 1636 (v¹
574 1605 601 1623 c.
628 1593 705 1625 edd.
731 1593 796 1637 M.)
823 1594 961 1635 legitur:
991 1592 1171 1635 „vigiliam
1177 1597 1194 1612 ‘⁴
1236 1593 1304 1626 Sed

166 1640 244 1672 Mss.
270 1648 307 1670 ut
334 1639 367 1670 in
392 1647 510 1670 nostro
536 1645 638 1668 textu.
664 1637 705 1669 R.

255 1694 288 1737 ⁴)
314 1693 407 1726 libri
434 1692 517 1724 editi
541 1694 590 1736 (v.
617 1705 645 1726 c,
670 1693 746 1725 edd.
770 1693 837 1735 Μ.)
868 1693 1083 1736 »apostolum
1109 1692 1264 1725 dixisse
1255 1706 1306 1725 ln-

161 1739 383 1781 telligendum
410 1747 470 1779 est,
498 1750 573 1769 cum
599 1737 662 1770 ait:
689 1750 758 1769 non
783 1737 930 1770 εηιίίίεἱιιι
958 1747 1020 1770 etc.
1068 1738 1137 1771 Sed
1161 1739 1242 1771 Mss.
1269 1748 1305 1770 ut

162 1785 196 1816 in
220 1793 337 1816 nostro
362 1792 466 1815 textu.
493 1782 533 1813 R.

256 1841 288 1882 ⁵)
314 1839 372 1872 Sic
396 1839 477 1871 Mss.
496 1836 587 1869 Alias
604 1838 653 1880 (v.
673 1850 698 1869 c.
716 1837 749 1869 in
768 1839 844 1870 edd.
859 1838 925 1881 M.)
954 1837 1249 1879 „convenienter.“
1263 1838 1304 1871 R.

253 1896 287 1937 6)
313 1894 370 1927 Sic
401 1893 484 1927 Mss.
517 1893 651 1937 (itemq.
685 1893 736 1924 ed.
770 1894 818 1928 M.
847 1894 889 1935 I.)
924 1893 1016 1926 Alias
1050 1895 1096 1937 (v.
1130 1906 1157 1927 e.
1183 1894 1217 1926 in
1250 1894 1302 1926 ed.

163 1939 208 1971 Μ.
235 1940 292 1982 ll.)
321 1939 457 1979 ‚,‹licit.“

253 1994 285 2037 7)
313 1995 375 2027 Ed.
401 1995 448 2026 M.
476 1994 517 2025 Π.
546 1994 697 2037 „quod.“
726 2013 766 2018 —-
793 1993 893 2025 Rom.
920 1992 979 2031 lX,
1007 1992 1058 2027 16.

251 2049 284 2091 ⁶⁸)
312 2049 398 2081 Edd.
427 2050 471 2080 M.
500 2062 558 2089 „ac
583 2050 630 2081 si“
658 2058 720 2082 etc.
819 2048 851 2092 ⁹)
879 2048 889 2079 1
918 2048 998 2080 Cor.
1024 2049 1084 2087 ΙΙΙ,
1108 2047 1140 2082 G.
1167 2048 1194 2082 7.

235 2105 287 2147 ¹⁰)
314 2104 400 2136 Edd.
428 2105 476 2136 M.
505 2106 574 2144 „lta
601 2118 731 2148 neque«
761 2113 823 2136 etc.

233 2159 284 2202 ΙΙ)
317 2159 404 2191 Libri
431 2159 531 2191 editi:
560 2160 636 2203 „pie
663 2170 692 2191 et
720 2159 963 2191 convenienter
988 2159 1108 2191 dirim«
1161 2159 1240 2191 Mss.
1267 2168 1300 2190 ut

157 2204 188 2235 in
221 2213 339 2235 nostro
377 2213 478 2235 textu.
513 2204 550 2236 R.
585 2227 627 2232 —
668 2205 756 2237 Edd.
795 2205 840 2236 M.
880 2204 955 2246 „pie
995 2203 1300 2247 rouvenienterquc

157 2248 279 2281 dicet.“
