1404 2463
222 96 287 131 116
697 97 872 129 Omeems

222 198 285 230 pax
309 185 369 224 sit,
405 185 577 217 evidenter
593 187 623 229 ¹)
656 198 766 218 sermo
792 186 1028 231 disputationis
1052 185 1231 218 invenerit:
1263 198 1347 230 quo-

225 248 329 279 modo
354 247 526 291 putabitur
550 260 774 291 consequens,
811 248 903 292 quod
936 247 1036 279 etiam
1060 256 1251 279 nostrorum
1275 247 1348 291 qui-

225 309 300 342 dam
323 309 364 341 de
389 309 460 341 sole
486 317 517 339 ct
542 307 631 347 luna,
655 308 752 352 vcl2)
778 308 940 340 sideribus
957 308 1148 351 opinamur,
1171 317 1206 340 ut
1232 308 1348 340 incon-

224 370 394 403 vertibiles
433 371 516 408 sint,
552 379 585 402 et
629 370 786 403 contrarii
823 369 1020 413 incapaces?
1055 370 1160 414 quue
1193 370 1348 402 nonnulli

224 432 323 465 etiam
347 433 389 464 de
414 431 534 464 sanctis
557 431 698 473 angelis,
734 430 937 475 haeretici3)
971 444 1050 463 vero
1083 431 1182 463 etiam
1215 431 1256 463 de
1280 431 1348 464 ani-

223 495 359 533 mabus,
400 506 483 537 quae
517 493 606 537 apud
638 493 715 525 illos
747 491 935 536 spirituales
966 502 1101 524 naturae
1126 492 1347 537 appellantur,

224 555 501 588 existimaverunt.
515 555 548 597 ⁸)

312 617 427 650 Primo
454 628 530 658 ergo
558 616 737 654 videamus,
763 615 844 659 quid
861 615 933 659 ipsa
953 615 1037 648 ratio
1056 616 1096 648 de
1121 616 1194 648 sole
1213 625 1246 648 et
1269 616 1346 648 luna

223 692 260 711 ac
291 678 396 710 stellis
426 676 592 715 iuveniat,
634 677 659 708 si
690 686 817 708 rectum
851 686 898 708 est
929 678 1019 721 quod
1050 677 1186 722 quidam
1220 686 1348 722 putant,

224 739 560 782 convertibilitatis5)
585 751 641 770 eos
668 751 735 770 csse
761 739 907 779 alienos;
933 748 965 770 et
988 749 1149 783 quantum
1177 739 1247 771 lieri
1269 749 1347 784 pot-

223 811 270 835 est
295 803 335 834 de
359 800 478 834 sanctis
491 799 672 844 Scripturis
696 799 842 843 primum
867 799 1064 832 adhibeatur
1087 801 1233 833 assertio.
1277 802 1346 833 Job

221 876 364 907 namque
394 862 439 894 ita
474 861 606 894 videtur
624 861 834 900 ostendere,
869 862 961 905 quod
991 874 1058 893 non
1089 862 1201 894 solum
1231 861 1347 894 stellae

222 934 362 970 possunt
393 936 462 956 esse
495 922 647 955 subditae
679 923 836 967 peccatis,
872 935 987 954 verum
1012 922 1111 955 etiam
1133 924 1226 968 quod
1249 937 1347 956 mun-

222 987 282 1019 dae
306 998 374 1018 non
397 985 462 1017 sint
485 997 503 1016 a
529 984 726 1025 contagione
749 982 891 1027 peccati.
939 984 985 1016 lta
1017 996 1162 1030 namque
1185 985 1346 1030 scriptum

223 1057 286 1081 est:
328 1046 521 1088 „Stellae⁶)
559 1057 694 1089 quoque
724 1057 793 1076 non
823 1054 900 1077 sunt
930 1046 1073 1078 mundae
1105 1046 1138 1078 in
1165 1055 1346 1090 conspectu

223 1109 324 1155 ejus.“
386 1108 488 1152 Quod
519 1119 589 1139 non
623 1105 740 1150 utique
773 1107 814 1138 de
845 1107 997 1151 corporis
1028 1120 1140 1139 earum
1165 1107 1345 1152 splendore

221 1170 381 1211 semitm-3
404 1168 498 1201 verbi
524 1181 636 1208 causa,
659 1177 698 1200 ut
720 1167 748 1200 si
772 1167 976 1201 diceremus:
1009 1168 1255 1201 Vestimentum
1277 1181 1346 1201 non

222 1241 270 1264 est
293 1231 474 1263 mundum:
505 1231 598 1274 quod
629 1229 657 1262 si
681 1229 726 1261 ita
750 1228 972 1272 intelligatur,
1002 1231 1043 1262 ad
1068 1229 1253 1262 conditoris
1275 1229 1345 1262 sine

222 1293 326 1325 dubio
351 1290 572 1335 revoc-tufi)
596 1290 762 1336 injuriam,
786 1291 813 1324 si
838 1291 919 1336 quid
943 1291 1154 1324 immundum
1172 1292 1207 1324 in
1231 1291 1346 1336 splen-

221 1355 305 1387 dore
334 1366 448 1386 earum
480 1352 632 1396 corporis
664 1361 844 1385 accusetur.
890 1352 927 1386 Si
952 1352 1039 1385 enim
1064 1366 1126 1397 per
1149 1352 1345 1386 industriam

220 1429 311 1448 suam
335 1428 445 1459 neque
479 1413 624 1447 lucidius
657 1412 721 1445 sibi
745 1425 866 1457 corpus
890 1425 1074 1455 assumere,
1103 1427 1213 1460 neque
1236 1415 1345 1447 minus

220 1490 342 1521 purum
365 1489 428 1521 per
458 1475 619 1508 desidiam
650 1483 827 1519 poterunt,
868 1488 926 1507 cur
966 1475 1058 1519 quasi
1093 1489 1161 1508 non
1200 1477 1343 1509 mundae

219 1538 334 1571 stellae
358 1536 598 1582 culpentur.,⁶)
631 1536 658 1568 si
681 1547 808 1579 neque,
841 1536 916 1580 quia
941 1538 1085 1570 mundae
1108 1547 1200 1577 sunt,
1231 1537 1344 1571 lauda-

218 1599 366 1632 buntur?

315 1750 345 1792 ¹)
369 1748 474 1781 Deest
498 1748 531 1780 in
556 1757 650 1781 antea
676 1748 772 1781 editis
797 1749 845 1793 (v.
872 1762 898 1781 c.
926 1750 999 1781 edd.
1025 1749 1102 1794 M.)‚
1127 1749 1186 1781 sed
1202 1749 1342 1783 liabetur

219 1793 252 1825 in
278 1794 357 1828 Mss.
382 1792 607 1834 „evidenter.“
632 1794 672 1827 R.

312 1850 345 1894 ²)
369 1849 457 1882 Edd.
482 1849 530 1882 Μ.
557 1850 631 1890 „vel
656 1851 696 1882 de
721 1850 914 1884 sideribus.“

309 1905 344 1948 3)
371 1904 622 1938 Valentinianos
653 1905 819 1948 designat,
860 1919 1001 1950 quorum
1037 1905 1236 1938 sententiam
1268 1906 1339 1938 fuse

219 1949 362 1993 explicat
387 1950 538 1983 lrenaeus
564 1951 620 1984 lib.
647 1953 672 1985 1.
697 1952 853 1984 adversus
877 1952 1026 1984 haereses
1052 1964 1121 1995 cap.
1141 1949 1173 1985 6.
1197 1963 1270 1994 pag.
1283 1950 1338 1985 28.

309 2005 343 2049 ⁴)
367 2005 430 2038 Ed.
453 2006 503 2038 Μ.
527 2007 550 2040 Ι.
578 2007 884 2048 „aestimaverunt.“

310 2061 342 2103 ζ’)
366 2061 454 2096 Edd.
479 2062 527 2094 M.
556 2062 934 2103 „inconvertibilitatis.“

307 2118 341 2158 ⁶)
366 2117 443 2150 Job.
467 2117 574 2159 XXV,
598 2120 628 2152 ὃ.
654 2139 694 2144 —-
720 2119 788 2152 Csr.
809 2119 860 2151 ed.
877 2119 1003 2162 Redep.
1028 2130 1101 2162 pag.
1120 2117 1194 2153 150.
1219 2127 1291 2153 not.
1304 2117 1335 2152 4.

306 2173 338 2215 ⁷)
365 2173 427 2206 Ed.
453 2173 499 2204 M.
526 2173 566 2205 Il.
594 2179 823 2213 „revocetur.“

305 2228 340 2271 ⁸)
365 2228 412 2259 Ita
437 2240 552 2259 ornnes
577 2229 684 2261 Codd.
713 2230 790 2263 Mss.
816 2230 907 2262 Libri
933 2243 1012 2262 vero
1038 2230 1118 2262 editi
1141 2231 1188 2273 (v.
1208 2243 1235 2262 c.
1261 2230 1334 2260 edd.

215 2272 285 2316 Μ.)1
302 2272 556 2317 „culpabuntur,
571 2272 640 2305 sive
658 2287 740 2317 quae
758 2277 902 2308 mundae
915 2285 991 2307 sunt
1013 2273 1275 2307 laudabuntur?“
1295 2274 1334 2306 R.
