1404 2463
195 79 260 115 141
671 75 845 108 Omossms

196 166 432 213 disputationis
456 166 643 206 inflectere,
674 171 711 198 m
735 165 920 209 inquirant,
950 163 977 195 si
1002 164 1081 195 haec
1105 163 1174 208 ipsa
1198 173 1313 196 natura

196 242 375 274 corporea,
400 239 482 272 quac·
506 227 728 272 spiritualium
755 235 786 258 et
811 225 1058 257 rationabilium
1083 224 1244 257 mentium
1268 225 1316 256 vi-

194 301 243 324 tas
275 292 354 329 fert,
387 299 420 322 et
451 289 599 322 continet
630 299 759 328 motus,
797 288 869 332 pari
905 300 979 319 cum
1010 287 1090 331 ipsis
1121 287 1314 319 aeternitate.

195 354 372 398 perduret,
388 352 418 395 ¹)
450 364 488 383 an
522 364 600 383 vero
627 352 777 383 absoluta
801 349 950 381 interibit
975 358 1007 381 et
1030 348 1163 393 peribit.
1212 347 1315 391 Quod

194 424 231 447 ut
255 413 360 459 possit
383 412 610 456 scrupulosius
634 411 854 456 deprehendi,
886 411 1111 455 quaerendum
1134 409 1245 453 primo
1269 409 1317 441 vi-

195 477 310 515 detur,
343 475 369 507 si
400 474 560 519 possibile
593 483 641 506 est
670 474 801 517 penitus
833 475 1048 516 incorporeas
1072 483 1242 504 remanere
1265 483 1317 503 ra-

193 537 373 570 tionabiles
396 545 544 575 naturas,
586 536 732 567 cum'ad
757 547 923 567 summum
947 533 1129 566 sanctitatis
1152 545 1188 565 ac
1211 531 1319 564 beati-

195 598 319 631 tudinis
351 597 519 636 venerint,
561 598 651 641 quod
682 596 764 628 mihi
802 596 936 640 quidem
971 593 1254 638 difficillimum2)
1285 602 1318 625 et

194 674 300 706 paene
336 659 544 704 impossibile
580 658 730 698 videtum
770 671 810 690 an
846 670 979 690 necesse
1016 666 1063 689 est
1103 669 1155 688 eas
1186 668 1318 699 semper

196 721 386 767 conjunctas
418 734 486 752 esse
521 720 729 763 corporibus.
777 720 814 753 Si
850 732 926 761 ergo
957 727 1071 763 posset
1102 717 1174 762 quis
1208 726 1315 749 osten-

196 785 275 816 dere
305 782 484 821 rationem,
521 794 583 825 qua
616 781 778 825 possibile
804 790 887 814 esset
912 793 962 813 eas
988 780 1182 812 omnimode
1208 791 1318 811 carere

197 844 412 889 corporibus,
446 855 650 886 consequens
684 842 869 882 videbitur,
901 842 991 886 quod
1015 851 1130 873 natur-'1
1156 853 1317 885 corporea

199 921 236 938 cx
261 905 366 938 nihilo
392 918 454 948 per
478 904 650 936 intervalla
675 913 867 948 temporum
892 913 1083 949 procreata,
1116 902 1219 941 sicut,
1243 915 1318 934 cum

194 981 264 1000 non
296 976 398 1005 esset,
433 966 553 998 effecta
586 975 651 1004 est,
687 965 731 997 ita
764 974 795 997 et
826 978 893 997 esse
921 964 1100 1003 desineret,
1137 978 1210 996 cum
1242 976 1320 996 usus

201 1029 269 1074 ejus
294 1027 467 1060 ministerii
493 1027 714 1071 praeterisset.

289 1090 321 1124 2.
369 1090 405 1122 Si
431 1102 510 1121 vero
536 1088 743 1133 impossibile
768 1098 816 1120 est
840 1088 902 1120 hoc
926 1088 997 1120 ullo
1023 1088 1126 1120 modo
1152 1086 1323 1125 affirmari,

195 1153 230 1185 id
257 1161 320 1191 est,
348 1152 438 1195 quod
464 1151 572 1183 vivere
596 1160 728 1194 praeter
753 1163 873 1194 corpus
897 1149 1002 1194 possit
1025 1149 1094 1181 ulla
1117 1149 1181 1181 alia
1204 1157 1320 1180 natura

196 1224 331 1259 praeter
354 1214 487 1246 Patrem
519 1221 551 1244 et
576 1212 701 1244 Filium
736 1221 767 1243 ct
793 1211 956 1255 Spiritum
981 1220 1147 1249 sanctum,
1178 1208 1320 1241 necessi-

195 1284 243 1308 tas
269 1273 525 1318 consequentiae
551 1286 587 1305 ac
612 1273 747 1305 rationis
773 1282 918 1304 coarctat
941 1272 1100 1314 intelligi,
1125 1270 1320 1315 principali-

196 1347 249 1369 ter
281 1336 415 1381 quidem
443 1335 610 1377 creat-⁶1⁵³)
643 1347 711 1366 esse
741 1333 955 1366 rationabiles
985 1343 1133 1375 naturas3
1169 1332 1321 1365 materia-

198 1399 266 1430 lem
302 1410 381 1429 vero
417 1396 632 1429 substantiam
669 1395 830 1439 opinione
844 1397 876 1439 ⁴)
913 1395 1049 1439 quidem
1083 1403 1116 1427 et
1147 1394 1320 1426 intellectu

198 1460 308 1491 solum
341 1457 485 1503 separari
516 1458 556 1490 ab
580 1457 637 1495 iis,
669 1465 702 1488 et
725 1469 787 1500 pro
811 1456 906 1500 ipsis,
937 1455 991 1488 vel
1014 1465 1093 1500 post
1116 1455 1202 1500 ipsas
1217 1456 1250 1499 ⁵)
1275 1455 1322 1487 ef-

198 1521 320 1553 sectam
356 1519 479 1559 videri,
511 1520 568 1552 sed
598 1531 770 1562 nunquam
801 1517 871 1550 sine
901 1518 972 1562 ipsa
996 1518 1093 1562 (²25⁶)
1118 1519 1171 1550 vel
1193 1517 1322 1557 vixisse,

199 1582 252 1615 vel
285 1582 413 1614 vivere:
452 1580 603 1626 solius⁷)
637 1592 779 1624 namque
813 1578 983 1611 Trinitatis
1022 1579 1222 1623 incorporea
1258 1579 1323 1611 vita

294 1755 324 1797 ¹)
349 1754 405 1787 Sic
430 1754 510 1786 Mss.
536 1753 627 1786 Editi
654 1764 731 1784 vero
757 1752 803 1795 (v.
829 1764 856 1784 c,
883 1751 932 1783 ed.
951 1752 999 1784 M.
1016 1751 1076 1795 ΙΙ.)
1094 1750 1199 1783 male:
1226 1763 1323 1795 „per-

200 1801 316 1833 seretf‘
343 1800 383 1832 R.
408 1819 450 1823 —
476 1799 537 1831 Ed.
565 1799 612 1831 M.
639 1799 664 1831 Ι.
691 1797 898 1841 »perderet.“

294 1856 327 1898 2)
356 1855 424 1888 Cfr.
451 1855 502 1888 ed.
527 1854 658 1897 Redep.
684 1865 755 1897 pag.
782 1852 855 1886 166.
879 1860 948 1884 not.
975 1851 1027 1885 11.

293 1913 326 1954 3)
352 1911 407 1943 Sic
432 1912 512 1944 Μῦς.
546 1909 638 1941 Libri
664 1921 742 1940 vero
766 1917 860 1940 antea
889 1908 970 1940 editi
995 1908 1038 1951 (v.
1064 1919 1090 1938 c.
1116 1907 1168 1940 ed.
1191 1906 1240 1939 M.
1264 1905 1324 1949 ll.)

204 1959 438 1996 „coarctatas.“
487 1956 541 1987 De
577 1968 617 1986 eo
650 1963 779 1989 autem,
816 1955 907 1997 quod
932 1966 1010 1986 mox
1034 1951 1127 1984 addit
1151 1951 1324 1993 Origenes,

202 2001 407 2032 materialem
432 2000 646 2032 substantiam
679 1998 851 2030 intellectu
882 1999 991 2031 solum
1016 1997 1160 2041 separari
1183 2009 1200 2028 a
1222 1996 1324 2028 ratio—

202 2045 366 2078 nabilibus
391 2045 534 2084 naturis,
560 2045 712 2076 consulas
740 2043 838 2075 velim
864 2045 922 2076 lib.
949 2044 973 2076 I.
998 2046 1079 2087 περὶ
1103 2041 1227 2086 ἀρχῶν
1251 2054 1322 2085 cap.

202 2093 228 2123 1.
252 2103 342 2122 num.
369 2091 399 2123 7.
431 2091 468 2123 R.
495 2110 533 2114 —-
560 2090 622 2122 Ed.
649 2090 696 2122 M.
721 2089 745 2121 l.
772 2092 970 2129 „coarctat.“

295 2146 329 2190 ¹²)
356 2146 425 2178 Csr.
451 2146 502 2177 ed.
527 2145 656 2189 ἷζε-ἆορ.
680 2158 754 2189 pag.
783 2144 854 2179 166.
879 2154 948 2176 not.
973 2143 1026 2177 2-1.

295 2203 328 2246 ⁵)
352 2200 414 2233 Ed.
442 2201 488 2233 M.
516 2202 540 2233 l.
569 2201 723 2245 »ipsam.“
819 2202 854 2244 6)
877 2201 938 2233 Ed.
963 2201 1010 2233 M.
1037 2200 1063 2233 Ῐ.
1091 2202 1182 2241 „ea-‘⁴

299 2259 331 2301 7)
359 2257 427 2289 Csr.
453 2257 503 2289 vd.
532 2258 656 2300 l'xedep.
682 2270 754 2300 pag.
781 2256 854 2291 166.
879 2265 948 2289 not.
972 2255 1025 2289 27.
