1404 2463
155 108 224 143 440
643 108 823 140 Oamssms

158 197 295 239 Moses;
330 205 364 230 et
392 197 578 244 gryphum,
618 208 719 242 quem
752 196 866 229 nullus
898 206 1047 241 unquam
1070 196 1227 230 meminit
1250 196 1306 229 vel

158 258 292 291 audivit
316 258 470 292 humanis
495 259 650 292 manibus
675 257 825 303 potuisse
843 259 874 302 ¹)
899 258 1140 297 succumbere,
1163 258 1307 290 mandu-

160 319 228 353 cari
253 319 400 363 prohibe
438 320 622 363 legislator.
660 320 729 354 Sed
756 328 789 352 et
814 320 855 351 de
867 319 901 364 ²)
926 318 1057 352 sabbati
1076 317 1308 364 opinatissima

162 381 398 415 observatione
430 383 476 416 ita
508 383 609 416 dicit:
652 380 890 424 „Sedebitis³)
922 379 1155 425 unusquisque
1185 380 1220 413 in
1246 381 1308 413 do-

160 445 272 477 mibus
304 445 442 484 vestris,
473 445 586 477 nullus
610 445 806 477 movebitur
830 443 872 475 de
898 443 977 475 loco
1003 455 1066 475 suo
1091 442 1127 475 in
1152 442 1209 475 die
1233 443 1308 489 sab-

162 507 356 539 batorum.“
399 505 505 549 Quod
530 506 649 551 utique
673 504 887 550 impossibile
912 513 961 536 est
987 504 1167 536 observare
1190 516 1309 537 secun-

165 568 245 600 dum
278 567 422 601 literam.
470 568 593 600 Nullus
626 567 715 601 enirn
748 565 900 610 horno⁴¹)
931 573 1046 610 potest
1076 573 1150 598 tota
1183 565 1238 598 die
1263 565 1309 598 ita

165 630 302 671 sedere,
338 638 377 661 ut
412 641 480 661 nou
510 638 690 663 moveatur
714 629 756 662 de
782 629 880 670 loco,
917 627 952 660 in
980 639 1048 672 quo
1073 625 1208 659 sederit.
1255 626 1310 659 De

167 691 290 736 quibus
314 689 452 732 singulis
477 690 510 722 hi
536 690 694 735 quidem,
728 689 787 734 qui
812 702 850 722 ex
877 687 1133 722 circumcisione
1157 695 1250 730 sunt,
1277 697 1312 720 et

167 752 360 797 quicunque
396 752 431 784 in
462 750 649 796 Scripturis
680 752 849 794 sanctifi)
878 750 964 783 nihil
994 750 1140 794 amplius
1164 749 1310 792 intelligi

166 814 288 846 volunt
318 822 455 857 praeter
487 826 587 857 quam
619 812 791 844 indicatur
815 824 853 844 ex
879 811 993 851 litera,
1026 812 1108 844 haec
1133 824 1175 844 ne
1198 811 1313 856 requi·

167 876 272 908 reuda
303 874 442 919 quidem
472 872 680 908 arbitrantur
710 873 752 905 de
782 872 1000 916 tragelapho,
1035 881 1069 904 et
1099 872 1246 917 grypho,
1280 882 1314 905 et

169 936 320 969 vulture:
353 935 484 968 fabulas
516 944 628 967 autern
661 935 822 979 quasdam
853 934 967 966 inanes
998 942 1033 966 ct
1057 933 1194 966 frivolas
1220 946 1313 966 com-

170 1006 382 1037 mentantur‚
415 1009 453 1030 ex
465 997 498 1041 6)
531 996 648 1030 nescio
682 996 802 1041 quibus
827 995 1066 1028 traditionibus
1089 996 1314 1040 proferentes,

171 1059 214 1091 de
243 1060 405 1098 sabbato,
437 1057 588 1090 dicentes
617 1057 802 1102 unicuique
827 1058 942 1090 locum
967 1068 1066 1089 suum
1090 1059 1240 1102 reputari
1264 1059 1311 1090 in-

171 1130 223 1153 ira
255 1121 323 1152 duo
356 1119 465 1152 millia
496 1120 665 1152 ulnarum.
715 1119 784 1153 Alii
815 1131 914 1158 vero,
950 1131 988 1151 ex
1020 1118 1142 1163 quibus
1167 1128 1216 1152 est
1240 1119 1315 1152 Do-

172 1182 299 1215 sitheus
313 1181 346 1226 ⁷)
375 1181 615 1222 Samaritanus,
640 1190 758 1214 notant
782 1180 921 1225 quidem
946 1179 1182 1225 hujuscemodi
1208 1194 1315 1226 expo-

172 1243 330 1283 sitiones,
366 1243 432 1288 ipsi
457 1252 570 1276 autem
594 1242 812 1275 ridiculosius
837 1241 966 1286 aliquid
990 1250 1157 1282 statuunt,
1189 1243 1267 1287 quia
1279 1244 1315 1288 8)

171 1304 403 1349 unusquisque
437 1318 506 1350 quo
531 1304 668 1345 habitu,
692 1317 760 1349 quo
787 1304 881 1343 loeo,
914 1316 979 1348 qua
1003 1302 1176 1348 positione
1199 1304 1234 1337 in
1258 1305 1315 1338 die

172 1365 301 1398 sabbati
343 1365 445 1398 fuerit
480 1366 654 1405 inventus,
691 1366 735 1397 ita
770 1378 877 1410 usque
912 1365 954 1397 ad
986 1378 1160 1410 vesperam
1195 1367 1317 1400 debeat

175 1426 275 1471 (179)
301 1439 511 1471 permanere,
537 1426 570 1458 id
598 1436 657 1466 est,
681 1427 734 1458 vel
760 1425 787 1458 si
812 1427 943 1465 sedens,
968 1435 1006 1458 ut
1030 1427 1145 1459 sedeat
1161 1436 1233 1460 tota
1249 1428 1316 1468 die,

175 1488 228 1520 vel
252 1487 280 1521 si
302 1487 425 1534 jacens,
449 1497 488 1520 ut
511 1497 582 1520 tota
609 1487 662 1520 die
687 1487 803 1532 jaceat.
841 1487 909 1520 Sed
928 1497 960 1519 et
977 1488 1071 1532 quod
1091 1488 1152 1521 ait:
1179 1491 1315 1534 „nou⁹)

175 1550 288 1581 levare
327 1562 412 1581 onus
442 1549 477 1581 in
510 1549 564 1581 die
596 1549 776 1582 sabbati:“
815 1548 1029 1592 impossibile
1060 1549 1144 1582 mihi
1176 1550 1316 1584 videtur.

175 1610 225 1642 Ex
256 1610 306 1642 his
339 1610 427 1642 enirn
453 1611 494 1643 ad
519 1611 649 1643 fabulas
674 1610 838 1650 infinitas,
873 1610 961 1642 sicut
983 1619 1117 1643 sanctus
1142 1612 1318 1656 apostolus

176 1671 270 1711 dicit,
286 1671 337 1715 ¹⁰)
362 1672 574 1704 ,Iudaeorum
600 1673 758 1705 doctores
784 1671 938 1704 devoluti
963 1680 1051 1712 sunt,
1075 1671 1224 1706 dicentes
1247 1685 1317 1706 non

177 1800 386 1833 Criticoruru
412 1809 445 1832 et
469 1800 615 1832 aliorum
642 1800 961 1834 Commentatorum
985 1799 1020 1832 in
1045 1799 1152 1834 Levit.
1176 1800 1238 1843 Xl,
1264 1801 1315 1837 13.

178 1855 208 1877 et
234 1845 267 1877 in
293 1846 396 1878 Deut.
421 1845 514 1884 XlV,
539 1847 570 1879 5.
597 1846 637 1878 R.

277 1902 308 1945 ¹)
332 1901 440 1933 Deest
466 1901 661 1945 „potuisse“
689 1901 722 1932 in
748 1901 824 1934 edd.
850 1901 899 1934 M.

271 1958 306 1999 ²)
332 1956 390 1989 Sic
416 1957 495 1989 Mss.
522 1957 615 1989 Editi
641 1958 687 2000 (v.
715 1970 742 1989 c.
768 1958 846 1989 edd.
874 1957 941 1999 M.)
968 1957 1031 1998 „de
1054 1957 1227 1990 sabbato.“
1253 1957 1295 1991 R.

270 2013 304 2056 ³)
333 2012 402 2045 Cfr.
428 2012 537 2047 Exod.
562 2013 655 2054 XVl,
678 2012 734 2047 29.
839 2013 872 2056 ⁴)
899 2012 986 2045 Edd.
1013 2013 1061 2045 Μ.
1087 2012 1319 2053 „hominum.“

215 2112 223 2119 .
272 2068 305 2111 ⁵)
331 2068 388 2101 Sic
413 2067 495 2101 Mss.
528 2069 566 2100 In
600 2068 698 2100 editis
729 2069 778 2112 (v.
811 2081 838 2100 c.
871 2069 947 2102 edd.
972 2068 1038 2112 M.)
1072 2069 1182 2102 deest:
1225 2081 1319 2111 „san-

181 2115 273 2145 ctls.“
301 2113 341 2145 R.
479 2113 515 2156 ⁶)
540 2112 628 2146 Edd.
655 2114 702 2147 M.
731 2122 786 2155 „et
811 2113 947 2145 nescio“
975 2122 1037 2145 etc.

272 2168 306 2212 ⁷)
333 2166 421 2200 Vide
446 2168 506 2202 lib.
534 2168 557 2200 l.
585 2179 702 2202 contra
729 2169 817 2203 Cels.
843 2182 934 2202 num.
960 2168 1015 2202 57.

273 2222 307 2267 ⁸)
332 2223 397 2255 Ed.
422 2224 471 2258 M.
497 2224 540 2256 ll.
568 2225 716 2268 ‚‚quod.“
825 2226 860 2268 9)
887 2225 956 2259 Cfr.
980 2225 1106 2258 Jerem.
1130 2223 1238 2262 XVll,
1261 2223 1319 2258 21.

256 2278 309 2322 Η))
340 2278 410 2312 Cfr.
438 2280 452 2311 I
479 2279 567 2311 Tim.
593 2280 619 2320 l,
645 2280 676 2314 4.
