1404 2463
206 54 269 89 136
678 57 854 91 OfflGmws

298 145 334 177 ln
359 159 425 189 quo
459 148 524 179 hoc
548 148 693 192 primum
720 148 891 180 evidenter
914 155 1069 192 apparet,
1101 148 1192 191 quod
1218 147 1325 179 omnis

208 215 308 238 status
333 207 419 250 ejuS,
445 209 502 253 qui
528 218 576 241 est
600 209 707 242 varius
731 223 768 242 ae
793 210 958 248 diversus,
990 222 1058 241 non
1083 209 1192 240 solum
1217 222 1254 241 ex
1277 222 1328 241 ra-

208 266 424 301 tionabilibus
450 280 481 303 et
506 271 728 304 divinioribus
753 271 894 310 naturis,
927 279 960 302 et
984 283 1021 301 ex
1047 269 1181 302 diversis
1206 282 1327 313 corpo-

209 329 298 362 ribus
324 341 469 372 constet,
494 334 551 365 sed
577 345 615 365 ex
641 333 739 365 mutis
763 332 1000 370 animantibus,
1024 331 1058 363 id
1082 340 1131 363 est
1155 330 1250 369 feris,
1271 332 1328 362 be-

210 391 298 431 stiis,
331 393 535 436 pecudibus,
568 404 600 426 et
630 394 762 433 avibus,
792 404 890 438 atque
922 393 1094 433 omnihus,
1130 406 1214 437 quae
1245 392 1279 424 in
1298 393 1328 436 ¹)

211 452 302 496 aquis
326 454 457 487 vivunt:
482 465 552 487 tum
579 456 699 488 deinde
725 470 763 488 ex
788 455 888 494 locis,
914 455 947 487 id
973 464 1021 487 est
1046 454 1151 493 coeli,
1177 453 1229 485 vel
1255 449 1331 485 cbe-

211 514 337 554 lorum,
370 525 403 548 et
433 525 539 549 terrae
572 517 624 548 vel
657 530 778 561 aquae;
813 517 870 548 sed
905 526 936 548 et
961 530 997 548 ex
1023 529 1082 555 e0‚
1121 515 1176 560 qui
1201 515 1330 547 medius

215 585 263 607 est
295 581 388 616 aere,
422 578 471 611 vel
504 591 603 622 quem
635 579 802 610 aetherem
829 578 1005 621 dicunt‚²)
1039 587 1136 622 atque
1162 590 1200 609 ex
1225 576 1332 609 omni-

213 637 291 678 bus,
332 652 416 682 quae
448 640 636 684 procedunt
671 641 724 672 vel
761 649 939 672 nascuntur
970 653 1007 671 ex
1039 648 1137 671 terra.
1192 638 1276 670 Cum
1298 639 1331 682 3)

215 711 292 740 ergo
326 709 414 732 tanta
444 701 486 733 sit
509 702 625 734 mundi
651 702 808 740 varietas,
844 710 941 745 atque
967 702 999 732 in
1025 701 1104 745 ipsis
1128 700 1332 732 rationabili-

215 761 274 792 bus
299 762 518 795 animantibus
543 763 583 795 sit
606 772 695 794 tanta
722 762 909 802 diversitas,
946 772 1086 806 propter
1111 775 1208 806 quam
1233 762 1332 794 etiam

216 823 322 854 omnis
346 824 472 868 reliqua
497 824 636 856 varietas
661 837 696 856 ac
722 824 890 856 diversitas
915 824 1060 867 putanda
1085 833 1133 856 est
1157 824 1333 856 exstitisse:

217 897 315 927 quam
348 898 476 917 causam
508 886 605 917 aliam
631 885 697 917 dici
722 885 958 930 oportebit‚³)
987 899 1050 929 qua
1074 886 1216 918 mundus
1241 885 1335 917 exsti-

216 945 312 984 terit,
352 947 531 990 praecipue
566 947 592 979 si
631 947 819 979 intueamur
856 947 950 979 illum
985 947 1102 986 sineru,
1143 961 1204 991 per
1235 960 1333 991 quem

219 1007 330 1039 onmia
346 1008 548 1040 restituenda
567 1008 599 1040 in
617 1017 735 1040 statum
755 1007 840 1040 initii
858 1008 908 1040 sui
926 1008 1014 1040 libro
1030 1008 1197 1052 superiori
1215 1009 1334 1041 disser-

219 1078 289 1101 tum
321 1069 392 1102 est?
430 1070 532 1113 Quod
564 1070 679 1114 utique
710 1069 737 1101 si
769 1080 1011 1113 consequenter
1046 1070 1170 1102 dictum
1196 1069 1336 1110 videtur,

221 1143 318 1174 quam
343 1131 457 1171 aliam,
484 1142 517 1164 ut
544 1132 750 1176 diximusfi)
778 1144 906 1163 causam
931 1131 1120 1175 putabimus
1143 1141 1252 1164 tantae
1276 1132 1337 1163 hu-

220 1192 268 1237 jus
307 1194 422 1225 mundi
460 1193 675 1233 diversitatis,
718 1193 780 1225 nisi
819 1193 1044 1225 diversitatem
1079 1207 1117 1226 ac
1148 1194 1338 1226 varietatem

220 1264 374 1287 motuum
403 1268 440 1287 ac
471 1256 689 1299 prol-‘ipsuum
701 1256 734 1299 6)
761 1268 895 1295 eorum,
931 1254 986 1298 qui
1010 1255 1051 1287 ab
1074 1255 1132 1287 illa
1156 1255 1244 1287 initii
1266 1255 1340 1287 uni-

221 1324 287 1347 tate
319 1325 416 1360 atque
448 1316 646 1356 concordia,
683 1316 717 1348 in
754 1329 817 1360 qua
849 1329 866 1348 a
889 1316 965 1348 Deo
996 1316 1153 1360 primitus
1174 1317 1340 1360 procreati

222 1386 315 1416 sunt,
346 1378 558 1417 deciderunt,
595 1387 627 1409 et
656 1378 697 1410 ab
728 1377 790 1409 illo
815 1376 972 1409 bonitatis
995 1387 1082 1409 statu
1107 1378 1268 1410 commoti
1291 1387 1341 1410 at-

226 1452 290 1483 que
316 1439 480 1479 distracti,
505 1439 641 1471 diversis
668 1439 785 1471 dehinc
810 1439 997 1471 animorum
1023 1436 1166 1471 motibiis
1191 1452 1228 1471 ac
1252 1439 1338 1472 desi-

321 1562 351 1606 ¹)
377 1563 504 1594 Desunt
528 1561 560 1594 in
587 1563 636 1595 ed.
664 1562 790 1606 Redep.
815 1562 932 1594 verba:
959 1562 1012 1601 „in
1036 1562 1162 1605 aquis.“

316 1618 349 1661 2)
375 1617 429 1651 Sic
455 1619 532 1650 Mss.
559 1617 650 1649 Libri
675 1617 755 1650 editi
781 1620 825 1660 (v.
852 1631 878 1651 c.
902 1618 976 1650 edd.
995 1618 1061 1660 M)
1088 1617 1282 1658 „dicimus.“
1301 1619 1340 1651 R.

318 1673 350 1716 ³)
377 1673 502 1705 Graece
533 1675 612 1706 haec
649 1683 773 1706 exstant
811 1675 851 1705 ad
882 1674 1005 1705 catcem
1038 1673 1132 1717 epist.
1165 1673 1342 1707 Justiniani

229 1718 439 1762 Imperatoris
463 1720 504 1751 ad
528 1720 684 1751 Mennarn
717 1719 891 1762 patriarch.
918 1720 1086 1751 Constant.
1120 1719 1246 1774 (Mansi
1271 1733 1340 1752 am-

231 1764 322 1808 piiss
354 1764 486 1796 collect
518 1764 700 1797 Concilior.
725 1764 824 1797 'lom.
850 1764 924 1806 IX.)
948 1776 1021 1807 pag.
1046 1763 1121 1798 529.
1171 1763 1270 1798 Οὕτω
1297 1766 1339 1807 dr}

230 1808 488 1842 ποικιλωτάτου
519 1809 658 1852 κόσμου
687 1807 944 1861 τυῃζάνοντος,
983 1812 1043 1842 καὶ
1073 1811 1227 1843 τοσαῦτα
1259 1810 1342 1844 διά-

234 1868 330 1898 ᾳοωα
364 1853 490 1898 λογικα
521 1859 762 1898 πεοιέχονιος
804 1859 839 1888 τί
868 1851 953 1888 ἄλλο
978 1852 1048 1898 χοή
1081 1857 1197 1898 λέγειν
1227 1858 1343 1889 αἴτιον

231 1902 418 1953 χηονέναι
457 1902 517 1933 τοῦ
559 1901 752 1940 ίποστῆναι
795 1899 921 1941 αὐτὸν,
963 1900 984 1940 ἧ
1022 1899 1058 1933 τὸ
1089 1902 1255 1934 ποίκιλον
1284 1904 1344 1943 τῆς

233 1943 472 1983 ἀἸοπτώσεως
495 1946 566 1979 τῶν
598 1945 663 1990 οὐχ
688 1944 818 1986 ὁμοίως
842 1947 899 1986 τῆς
924 1943 1051 1982 ἑνεὲδος
1073 1944 1340 1991 (ἓποιίὁεόντων;

235 1994 294 2023 καὶ
326 1989 387 2024 τὸν
419 1991 571 2033 5'111150011
595 1991 668 2024 ἔσθ’
696 1990 752 2025 ὅτε
778 1993 923 2024 αἱωεῖιιιι
949 1993 1030 2032 βίον
1055 1988 1073 2031 ἡ
1102 1980 1210 2035 ungri.
1236 1991 1276 2024 R.
1303 2011 1340 2017 -

235 2036 303 2069 Csr.
343 2035 394 2069 ed.
417 2035 544 2079 Redep.
574 2049 644 2080 pag.
670 2035 700 2070 9.
734 2049 823 2069 num.
851 2036 877 2069 l.
903 2035 980 2066 coll.
1006 2044 1072 2066 not.
1099 2034 1141 2074 6.,
1177 2035 1342 2088 addasque

232 2090 419 2132 praeterea,
445 2081 536 2124 quod
559 2083 672 2113 xe1ba:
705 2084 764 2114 καὶ
788 2080 850 2114 τὸν
874 2093 911 2114 ει
906 2082 979 2114 ιδ(
984 2092 1026 2113 ον
1050 2099 1089 2104 --
1116 2079 1134 2124 ἡ
1162 2079 1276 2125 ψυχή,
1310 2081 1344 2113 in

233 2126 283 2162 ed.
308 2125 412 2158 Ruaei
436 2126 553 2158 frustra
577 2127 815 2160 desiderantur.

325 2181 357 2224 ⁴)
379 2182 465 2214 Edd.
493 2182 537 2215 M.
565 2183 794 2226 „oportebat.“
880 2182 912 2224 5)
937 2181 1023 2213 Edd.
1049 2180 1096 2213 M.
1123 2180 1316 2221 „dicimus.“

324 2239 357 2280 ⁶)
382 2238 464 2270 Edd.
491 2238 537 2270 M.
562 2237 808 2281 „prolapsumf‘

1189 2462 1291 2463 We
1316 2413 1404 2463 A
