<?xml version="1.0" encoding="UTF-8"?>
<!DOCTYPE html PUBLIC "-//W3C//DTD XHTML 1.0 Transitional//EN"
    "http://www.w3.org/TR/xhtml1/DTD/xhtml1-transitional.dtd">
<html xmlns="http://www.w3.org/1999/xhtml" xml:lang="en" lang="en">
 <head>
  <title>
</title>
<meta http-equiv="Content-Type" content="text/html;charset=utf-8" />
  <meta name='ocr-system' content='tesseract 3.04.00' />
  <meta name='ocr-capabilities' content='ocr_page ocr_carea ocr_par ocr_line ocrx_word'/>
</head>
<body>
  <div class='ocr_page' id='page_1' title='image "./operaomniaquaegr21orig/operaomniaquaegr21orig_0136.png"; bbox 0 0 1404 2463; ppageno 0'>
   <div class='ocr_carea' id='block_1_1' title="bbox 211 91 855 128">
    <p class='ocr_par' dir='ltr' id='par_1_1' title="bbox 211 91 855 128">
     <span class='ocr_line' id='line_1_1' title="bbox 211 91 855 128; baseline 0.002 -2"><span class='ocrx_word' id='word_1_1' title='bbox 211 91 274 126; x_wconf 82' lang='lat'>122</span> <span class='ocrx_word' id='word_1_2' title='bbox 678 95 855 128; x_wconf 70' lang='lat' dir='ltr'>Omossms</span> 
     </span>
    </p>
   </div>
   <div class='ocr_carea' id='block_1_2' title="bbox 209 183 1326 414">
    <p class='ocr_par' dir='ltr' id='par_1_2' title="bbox 209 183 1326 414">
     <span class='ocr_line' id='line_1_2' title="bbox 209 183 1324 229; baseline 0.001 -14"><span class='ocrx_word' id='word_1_3' title='bbox 209 196 267 227; x_wconf 85' lang='lat' dir='ltr'>spe</span> <span class='ocrx_word' id='word_1_4' title='bbox 292 183 427 216; x_wconf 72' lang='lat' dir='ltr'>vanitati</span> <span class='ocrx_word' id='word_1_5' title='bbox 451 183 591 229; x_wconf 78' lang='lat' dir='ltr'>subjecti</span> <span class='ocrx_word' id='word_1_6' title='bbox 617 194 701 225; x_wconf 88' lang='lat' dir='ltr'>suut,</span> <span class='ocrx_word' id='word_1_7' title='bbox 727 198 789 229; x_wconf 74' lang='lat' dir='ltr'>qua</span> <span class='ocrx_word' id='word_1_8' title='bbox 813 186 875 217; x_wconf 80' lang='lat' dir='ltr'>ait:</span> <span class='ocrx_word' id='word_1_9' title='bbox 907 186 1089 229; x_wconf 73' lang='lat' dir='ltr'>»Optarern</span> <span class='ocrx_word' id='word_1_10' title='bbox 1106 186 1136 228; x_wconf 89' lang='lat'>¹)</span> <span class='ocrx_word' id='word_1_11' title='bbox 1162 185 1248 216; x_wconf 79' lang='lat' dir='ltr'>enim</span> <span class='ocrx_word' id='word_1_12' title='bbox 1273 197 1324 216; x_wconf 84' lang='lat' dir='ltr'>re-</span> 
     </span>
     <span class='ocr_line' id='line_1_3' title="bbox 209 244 1326 285; baseline 0.001 -8"><span class='ocrx_word' id='word_1_13' title='bbox 209 244 325 285; x_wconf 72' lang='lat' dir='ltr'>solvi‚«</span> <span class='ocrx_word' id='word_1_14' title='bbox 351 246 404 277; x_wconf 73' lang='lat' dir='ltr'>vel</span> <span class='ocrx_word' id='word_1_15' title='bbox 431 246 569 284; x_wconf 81' lang='lat' dir='ltr'>»redire,</span> <span class='ocrx_word' id='word_1_16' title='bbox 594 256 627 278; x_wconf 85' lang='lat' dir='ltr'>et</span> <span class='ocrx_word' id='word_1_17' title='bbox 651 260 720 279; x_wconf 86' lang='lat' dir='ltr'>esse</span> <span class='ocrx_word' id='word_1_18' title='bbox 740 260 815 278; x_wconf 88' lang='lat' dir='ltr'>cum</span> <span class='ocrx_word' id='word_1_19' title='bbox 835 246 985 279; x_wconf 80' lang='lat' dir='ltr'>Christo:</span> <span class='ocrx_word' id='word_1_20' title='bbox 1010 246 1120 278; x_wconf 85' lang='lat' dir='ltr'>multo</span> <span class='ocrx_word' id='word_1_21' title='bbox 1144 245 1232 278; x_wconf 85' lang='lat' dir='ltr'>enim</span> <span class='ocrx_word' id='word_1_22' title='bbox 1256 257 1326 278; x_wconf 86' lang='lat' dir='ltr'>me-</span> 
     </span>
     <span class='ocr_line' id='line_1_4' title="bbox 211 307 1324 353; baseline 0 -14"><span class='ocrx_word' id='word_1_23' title='bbox 211 307 306 342; x_wconf 74' lang='lat' dir='ltr'>lius.=‹</span> <span class='ocrx_word' id='word_1_24' title='bbox 355 307 442 339; x_wconf 87' lang='lat' dir='ltr'>Puto</span> <span class='ocrx_word' id='word_1_25' title='bbox 459 309 491 351; x_wconf 85' lang='lat'>²)</span> <span class='ocrx_word' id='word_1_26' title='bbox 517 307 622 347; x_wconf 76' lang='lat' dir='ltr'>enini,</span> <span class='ocrx_word' id='word_1_27' title='bbox 654 308 729 353; x_wconf 82' lang='lat' dir='ltr'>quia</span> <span class='ocrx_word' id='word_1_28' title='bbox 761 308 916 340; x_wconf 81' lang='lat' dir='ltr'>similiter</span> <span class='ocrx_word' id='word_1_29' title='bbox 946 308 1051 352; x_wconf 87' lang='lat' dir='ltr'>possit</span> <span class='ocrx_word' id='word_1_30' title='bbox 1075 307 1174 340; x_wconf 85' lang='lat' dir='ltr'>ctiam</span> <span class='ocrx_word' id='word_1_31' title='bbox 1198 308 1249 340; x_wconf 89' lang='lat' dir='ltr'>sol</span> <span class='ocrx_word' id='word_1_32' title='bbox 1273 307 1324 339; x_wconf 84' lang='lat' dir='ltr'>di-</span> 
     </span>
     <span class='ocr_line' id='line_1_5' title="bbox 210 368 1323 414; baseline 0 -14"><span class='ocrx_word' id='word_1_33' title='bbox 210 381 302 408; x_wconf 84' lang='lat' dir='ltr'>cere,</span> <span class='ocrx_word' id='word_1_34' title='bbox 333 368 408 413; x_wconf 82' lang='lat' dir='ltr'>quia</span> <span class='ocrx_word' id='word_1_35' title='bbox 443 378 614 414; x_wconf 73' lang='lat' dir='ltr'>»optarem</span> <span class='ocrx_word' id='word_1_36' title='bbox 645 369 813 409; x_wconf 79' lang='lat' dir='ltr'>resolvi‚«</span> <span class='ocrx_word' id='word_1_37' title='bbox 842 370 893 401; x_wconf 75' lang='lat' dir='ltr'>vel</span> <span class='ocrx_word' id='word_1_38' title='bbox 922 369 1066 408; x_wconf 64' lang='lat' dir='ltr'>uredine,</span> <span class='ocrx_word' id='word_1_39' title='bbox 1100 379 1133 402; x_wconf 88' lang='lat' dir='ltr'>et</span> <span class='ocrx_word' id='word_1_40' title='bbox 1156 382 1225 402; x_wconf 83' lang='lat' dir='ltr'>esse</span> <span class='ocrx_word' id='word_1_41' title='bbox 1249 382 1323 401; x_wconf 89' lang='lat' dir='ltr'>cum</span> 
     </span>
    </p>
   </div>
   <div class='ocr_carea' id='block_1_3' title="bbox 211 429 1326 476">
    <p class='ocr_par' dir='ltr' id='par_1_3' title="bbox 211 429 1326 476">
     <span class='ocr_line' id='line_1_6' title="bbox 211 429 1326 476; baseline 0 -13"><span class='ocrx_word' id='word_1_42' title='bbox 211 429 361 463; x_wconf 85' lang='lat' dir='ltr'>Christo:</span> <span class='ocrx_word' id='word_1_43' title='bbox 394 431 500 463; x_wconf 90' lang='lat' dir='ltr'>multo</span> <span class='ocrx_word' id='word_1_44' title='bbox 526 430 613 463; x_wconf 90' lang='lat' dir='ltr'>enim</span> <span class='ocrx_word' id='word_1_45' title='bbox 638 430 788 463; x_wconf 62' lang='lat' dir='ltr'>melius«</span> <span class='ocrx_word' id='word_1_46' title='bbox 837 431 880 463; x_wconf 83' lang='lat' dir='ltr'>Et</span> <span class='ocrx_word' id='word_1_47' title='bbox 897 431 930 475; x_wconf 81' lang='lat'>³)</span> <span class='ocrx_word' id='word_1_48' title='bbox 955 431 1078 463; x_wconf 87' lang='lat' dir='ltr'>Paulus</span> <span class='ocrx_word' id='word_1_49' title='bbox 1110 430 1245 476; x_wconf 85' lang='lat' dir='ltr'>quidem</span> <span class='ocrx_word' id='word_1_50' title='bbox 1269 431 1326 464; x_wconf 84' lang='lat' dir='ltr'>ad-</span> 
     </span>
    </p>
   </div>
   <div class='ocr_carea' id='block_1_4' title="bbox 209 492 1341 537">
    <p class='ocr_par' dir='ltr' id='par_1_4' title="bbox 209 492 1341 537">
     <span class='ocr_line' id='line_1_7' title="bbox 209 492 1341 537; baseline 0 -13"><span class='ocrx_word' id='word_1_51' title='bbox 209 492 274 524; x_wconf 85' lang='lat' dir='ltr'>dit:</span> <span class='ocrx_word' id='word_1_52' title='bbox 317 493 403 525; x_wconf 82' lang='lat' dir='ltr'>»Sed</span> <span class='ocrx_word' id='word_1_53' title='bbox 417 492 449 537; x_wconf 56' lang='grc' dir='ltr'>ι)</span> <span class='ocrx_word' id='word_1_54' title='bbox 481 505 675 537; x_wconf 81' lang='lat' dir='ltr'>permanere</span> <span class='ocrx_word' id='word_1_55' title='bbox 707 492 740 524; x_wconf 89' lang='lat' dir='ltr'>in</span> <span class='ocrx_word' id='word_1_56' title='bbox 771 506 885 533; x_wconf 84' lang='lat' dir='ltr'>carne,</span> <span class='ocrx_word' id='word_1_57' title='bbox 925 493 1027 535; x_wconf 84' lang='lat' dir='ltr'>magis</span> <span class='ocrx_word' id='word_1_58' title='bbox 1057 492 1341 536; x_wconf 43' lang='lat' dir='ltr'>necessariumw*</span> 
     </span>
    </p>
   </div>
   <div class='ocr_carea' id='block_1_5' title="bbox 206 554 1328 1030">
    <p class='ocr_par' dir='ltr' id='par_1_5' title="bbox 206 554 1328 1030">
     <span class='ocr_line' id='line_1_8' title="bbox 206 554 1327 598; baseline -0.001 -12"><span class='ocrx_word' id='word_1_59' title='bbox 206 564 348 598; x_wconf 85' lang='lat' dir='ltr'>propter</span> <span class='ocrx_word' id='word_1_60' title='bbox 378 567 477 587; x_wconf 76' lang='lat' dir='ltr'>voszu</span> <span class='ocrx_word' id='word_1_61' title='bbox 510 554 561 586; x_wconf 88' lang='lat' dir='ltr'>sol</span> <span class='ocrx_word' id='word_1_62' title='bbox 593 567 672 586; x_wconf 87' lang='lat' dir='ltr'>vero</span> <span class='ocrx_word' id='word_1_63' title='bbox 702 563 815 598; x_wconf 76' lang='lat' dir='ltr'>potest</span> <span class='ocrx_word' id='word_1_64' title='bbox 845 555 972 587; x_wconf 84' lang='lat' dir='ltr'>dicere:</span> <span class='ocrx_word' id='word_1_65' title='bbox 1007 555 1247 587; x_wconf 78' lang='lat' dir='ltr'>„›.Permanere</span> <span class='ocrx_word' id='word_1_66' title='bbox 1271 566 1327 586; x_wconf 85' lang='lat' dir='ltr'>au-</span> 
     </span>
     <span class='ocr_line' id='line_1_9' title="bbox 206 615 1327 660; baseline -0.001 -12"><span class='ocrx_word' id='word_1_67' title='bbox 206 625 277 648; x_wconf 79' lang='lat' dir='ltr'>tem</span> <span class='ocrx_word' id='word_1_68' title='bbox 289 616 322 660; x_wconf 81' lang='lat'>⁵)</span> <span class='ocrx_word' id='word_1_69' title='bbox 360 617 393 649; x_wconf 91' lang='lat' dir='ltr'>in</span> <span class='ocrx_word' id='word_1_70' title='bbox 423 616 488 649; x_wconf 89' lang='lat' dir='ltr'>hoc</span> <span class='ocrx_word' id='word_1_71' title='bbox 519 617 655 649; x_wconf 80' lang='lat' dir='ltr'>coelesti</span> <span class='ocrx_word' id='word_1_72' title='bbox 686 627 718 649; x_wconf 89' lang='lat' dir='ltr'>et</span> <span class='ocrx_word' id='word_1_73' title='bbox 748 617 861 649; x_wconf 85' lang='lat' dir='ltr'>lucido</span> <span class='ocrx_word' id='word_1_74' title='bbox 887 629 1031 660; x_wconf 88' lang='lat' dir='ltr'>corpore</span> <span class='ocrx_word' id='word_1_75' title='bbox 1053 615 1156 658; x_wconf 81' lang='lat' dir='ltr'>magis</span> <span class='ocrx_word' id='word_1_76' title='bbox 1180 628 1327 648; x_wconf 83' lang='lat' dir='ltr'>necessa-</span> 
     </span>
     <span class='ocr_line' id='line_1_10' title="bbox 207 677 1326 722; baseline -0.001 -12"><span class='ocrx_word' id='word_1_77' title='bbox 207 678 306 717; x_wconf 87' lang='lat' dir='ltr'>rium,</span> <span class='ocrx_word' id='word_1_78' title='bbox 330 688 470 722; x_wconf 80' lang='lat' dir='ltr'>propter</span> <span class='ocrx_word' id='word_1_79' title='bbox 493 679 733 711; x_wconf 73' lang='lat' dir='ltr'>revelationem</span> <span class='ocrx_word' id='word_1_80' title='bbox 757 679 905 711; x_wconf 73' lang='lat' dir='ltr'>filiorum</span> <span class='ocrx_word' id='word_1_81' title='bbox 930 678 1048 711; x_wconf 81' lang='lat' dir='ltr'>Dei.««</span> <span class='ocrx_word' id='word_1_82' title='bbox 1097 677 1227 710; x_wconf 85' lang='lat' dir='ltr'>Eadem</span> <span class='ocrx_word' id='word_1_83' title='bbox 1250 690 1326 710; x_wconf 85' lang='lat' dir='ltr'>sane</span> 
     </span>
     <span class='ocr_line' id='line_1_11' title="bbox 209 739 1185 773; baseline 0 -2"><span class='ocrx_word' id='word_1_84' title='bbox 209 739 306 771; x_wconf 79' lang='lat' dir='ltr'>etiam</span> <span class='ocrx_word' id='word_1_85' title='bbox 333 741 374 772; x_wconf 87' lang='lat' dir='ltr'>de</span> <span class='ocrx_word' id='word_1_86' title='bbox 400 740 475 772; x_wconf 89' lang='lat' dir='ltr'>luna</span> <span class='ocrx_word' id='word_1_87' title='bbox 499 750 531 772; x_wconf 85' lang='lat' dir='ltr'>et</span> <span class='ocrx_word' id='word_1_88' title='bbox 555 740 659 772; x_wconf 84' lang='lat' dir='ltr'>stellis</span> <span class='ocrx_word' id='word_1_89' title='bbox 683 740 853 773; x_wconf 86' lang='lat' dir='ltr'>sentienda</span> <span class='ocrx_word' id='word_1_90' title='bbox 877 748 953 771; x_wconf 89' lang='lat' dir='ltr'>sunt</span> <span class='ocrx_word' id='word_1_91' title='bbox 978 748 1011 771; x_wconf 89' lang='lat' dir='ltr'>et</span> <span class='ocrx_word' id='word_1_92' title='bbox 1034 739 1185 772; x_wconf 83' lang='lat' dir='ltr'>dicenda.</span> 
     </span>
     <span class='ocr_line' id='line_1_12' title="bbox 298 801 1327 847; baseline -0.001 -14"><span class='ocrx_word' id='word_1_93' title='bbox 298 801 475 834; x_wconf 77' lang='lat' dir='ltr'>Videamus</span> <span class='ocrx_word' id='word_1_94' title='bbox 499 815 602 841; x_wconf 84' lang='lat' dir='ltr'>nune,</span> <span class='ocrx_word' id='word_1_95' title='bbox 633 815 716 847; x_wconf 87' lang='lat' dir='ltr'>quae</span> <span class='ocrx_word' id='word_1_96' title='bbox 749 801 791 834; x_wconf 85' lang='lat' dir='ltr'>sit</span> <span class='ocrx_word' id='word_1_97' title='bbox 815 801 913 833; x_wconf 84' lang='lat' dir='ltr'>etiam</span> <span class='ocrx_word' id='word_1_98' title='bbox 938 801 1072 833; x_wconf 81' lang='lat' dir='ltr'>libertas</span> <span class='ocrx_word' id='word_1_99' title='bbox 1097 801 1173 845; x_wconf 85' lang='grc'>(74)</span> <span class='ocrx_word' id='word_1_100' title='bbox 1200 810 1327 833; x_wconf 78' lang='lat' dir='ltr'>creatu-</span> 
     </span>
     <span class='ocr_line' id='line_1_13' title="bbox 207 861 1327 907; baseline -0.001 -12"><span class='ocrx_word' id='word_1_101' title='bbox 207 875 273 902; x_wconf 78' lang='lat' dir='ltr'>rae,</span> <span class='ocrx_word' id='word_1_102' title='bbox 297 863 350 895; x_wconf 75' lang='lat' dir='ltr'>vel</span> <span class='ocrx_word' id='word_1_103' title='bbox 375 876 456 907; x_wconf 88' lang='lat' dir='ltr'>quae</span> <span class='ocrx_word' id='word_1_104' title='bbox 474 863 641 895; x_wconf 75' lang='lat' dir='ltr'>absolutio</span> <span class='ocrx_word' id='word_1_105' title='bbox 659 863 834 896; x_wconf 73' lang='lat' dir='ltr'>servitutis.</span> <span class='ocrx_word' id='word_1_106' title='bbox 880 863 965 895; x_wconf 87' lang='lat' dir='ltr'>Cum</span> <span class='ocrx_word' id='word_1_107' title='bbox 989 861 1162 894; x_wconf 72' lang='lat' dir='ltr'>tradiderit</span> <span class='ocrx_word' id='word_1_108' title='bbox 1174 863 1207 906; x_wconf 89' lang='lat'>⁷)</span> <span class='ocrx_word' id='word_1_109' title='bbox 1231 861 1327 895; x_wconf 83' lang='lat' dir='ltr'>Chri-</span> 
     </span>
     <span class='ocr_line' id='line_1_14' title="bbox 207 923 1326 966; baseline -0.002 -9"><span class='ocrx_word' id='word_1_110' title='bbox 207 934 275 957; x_wconf 85' lang='lat' dir='ltr'><strong>stus</strong></span> <span class='ocrx_word' id='word_1_111' title='bbox 298 937 434 966; x_wconf 85' lang='lat' dir='ltr'>regnum</span> <span class='ocrx_word' id='word_1_112' title='bbox 459 925 535 957; x_wconf 90' lang='lat' dir='ltr'>Deo</span> <span class='ocrx_word' id='word_1_113' title='bbox 561 934 593 956; x_wconf 89' lang='lat' dir='ltr'>et</span> <span class='ocrx_word' id='word_1_114' title='bbox 618 925 718 964; x_wconf 85' lang='lat' dir='ltr'>Patri,</span> <span class='ocrx_word' id='word_1_115' title='bbox 742 934 822 957; x_wconf 87' lang='lat' dir='ltr'>tune</span> <span class='ocrx_word' id='word_1_116' title='bbox 840 924 940 956; x_wconf 81' lang='lat' dir='ltr'>etiam</span> <span class='ocrx_word' id='word_1_117' title='bbox 963 923 1024 956; x_wconf 80' lang='lat' dir='ltr'>ista</span> <span class='ocrx_word' id='word_1_118' title='bbox 1038 923 1226 965; x_wconf 76' lang='lat' dir='ltr'>animantia,</span> <span class='ocrx_word' id='word_1_119' title='bbox 1251 937 1326 956; x_wconf 90' lang='lat' dir='ltr'>cum</span> 
     </span>
     <span class='ocr_line' id='line_1_15' title="bbox 206 984 1328 1030; baseline -0.001 -12"><span class='ocrx_word' id='word_1_120' title='bbox 206 986 298 1030; x_wconf 84' lang='lat' dir='ltr'>prius</span> <span class='ocrx_word' id='word_1_121' title='bbox 321 999 456 1028; x_wconf 82' lang='lat' dir='ltr'>regnum</span> <span class='ocrx_word' id='word_1_122' title='bbox 483 985 605 1018; x_wconf 77' lang='lat' dir='ltr'>Christi</span> <span class='ocrx_word' id='word_1_123' title='bbox 629 986 752 1018; x_wconf 86' lang='lat' dir='ltr'>fuerint</span> <span class='ocrx_word' id='word_1_124' title='bbox 777 987 913 1026; x_wconf 80' lang='lat' dir='ltr'>effecta,</span> <span class='ocrx_word' id='word_1_125' title='bbox 937 986 1037 1018; x_wconf 88' lang='lat' dir='ltr'>simul</span> <span class='ocrx_word' id='word_1_126' title='bbox 1061 999 1136 1018; x_wconf 89' lang='lat' dir='ltr'>cum</span> <span class='ocrx_word' id='word_1_127' title='bbox 1161 984 1252 1018; x_wconf 87' lang='lat' dir='ltr'>omni</span> <span class='ocrx_word' id='word_1_128' title='bbox 1276 997 1328 1017; x_wconf 90' lang='lat' dir='ltr'>re—</span> 
     </span>
    </p>
   </div>
   <div class='ocr_carea' id='block_1_6' title="bbox 207 1047 1327 1091">
    <p class='ocr_par' dir='ltr' id='par_1_6' title="bbox 207 1047 1327 1091">
     <span class='ocr_line' id='line_1_16' title="bbox 207 1047 1327 1091; baseline 0.001 -12"><span class='ocrx_word' id='word_1_129' title='bbox 207 1060 272 1089; x_wconf 85' lang='lat' dir='ltr'>gno</span> <span class='ocrx_word' id='word_1_130' title='bbox 298 1050 398 1081; x_wconf 74' lang='lat' dir='ltr'>etiam</span> <span class='ocrx_word' id='word_1_131' title='bbox 423 1047 512 1080; x_wconf 78' lang='lat' dir='ltr'>Patri</span> <span class='ocrx_word' id='word_1_132' title='bbox 535 1048 698 1090; x_wconf 84' lang='lat' dir='ltr'>regnanda</span> <span class='ocrx_word' id='word_1_133' title='bbox 712 1047 745 1091; x_wconf 63' lang='grc' dir='ltr'>Β)</span> <span class='ocrx_word' id='word_1_134' title='bbox 769 1048 959 1080; x_wconf 83' lang='lat' dir='ltr'>tradentur:</span> <span class='ocrx_word' id='word_1_135' title='bbox 984 1057 1022 1080; x_wconf 85' lang='lat' dir='ltr'>ut</span> <span class='ocrx_word' id='word_1_136' title='bbox 1046 1061 1121 1080; x_wconf 89' lang='lat' dir='ltr'>cum</span> <span class='ocrx_word' id='word_1_137' title='bbox 1145 1047 1238 1080; x_wconf 79' lang='lat' dir='ltr'>Deus</span> <span class='ocrx_word' id='word_1_138' title='bbox 1263 1047 1327 1079; x_wconf 75' lang='lat' dir='ltr'>erit</span> 
     </span>
    </p>
   </div>
   <div class='ocr_carea' id='block_1_7' title="bbox 208 1224 1328 1768">
    <p class='ocr_par' dir='ltr' id='par_1_7' title="bbox 208 1224 1328 1768">
     <span class='ocr_line' id='line_1_17' title="bbox 303 1224 1328 1270; baseline -0.002 -11"><span class='ocrx_word' id='word_1_139' title='bbox 303 1227 333 1270; x_wconf 93' lang='lat'>¹)</span> <span class='ocrx_word' id='word_1_140' title='bbox 362 1227 490 1259; x_wconf 80' lang='lat' dir='ltr'>Graece</span> <span class='ocrx_word' id='word_1_141' title='bbox 516 1226 595 1257; x_wconf 82' lang='lat' dir='ltr'>haec</span> <span class='ocrx_word' id='word_1_142' title='bbox 620 1234 747 1258; x_wconf 85' lang='lat' dir='ltr'>exstant</span> <span class='ocrx_word' id='word_1_143' title='bbox 770 1224 803 1257; x_wconf 87' lang='lat' dir='ltr'>in</span> <span class='ocrx_word' id='word_1_144' title='bbox 827 1225 917 1257; x_wconf 71' lang='lat' dir='ltr'>calce</span> <span class='ocrx_word' id='word_1_145' title='bbox 943 1224 1036 1269; x_wconf 87' lang='lat' dir='ltr'>epist.</span> <span class='ocrx_word' id='word_1_146' title='bbox 1061 1224 1240 1258; x_wconf 84' lang='lat' dir='ltr'>Justiniani</span> <span class='ocrx_word' id='word_1_147' title='bbox 1263 1225 1328 1257; x_wconf 84' lang='lat' dir='ltr'>lm-</span> 
     </span>
     <span class='ocr_line' id='line_1_18' title="bbox 208 1270 1327 1316; baseline -0.002 -12"><span class='ocrx_word' id='word_1_148' title='bbox 208 1271 372 1316; x_wconf 74' lang='lat' dir='ltr'>peratoris</span> <span class='ocrx_word' id='word_1_149' title='bbox 395 1272 437 1303; x_wconf 85' lang='lat' dir='ltr'>ad</span> <span class='ocrx_word' id='word_1_150' title='bbox 462 1272 619 1303; x_wconf 80' lang='lat' dir='ltr'>Mennam</span> <span class='ocrx_word' id='word_1_151' title='bbox 643 1270 824 1303; x_wconf 84' lang='lat' dir='ltr'>Patriarch.</span> <span class='ocrx_word' id='word_1_152' title='bbox 842 1271 1012 1303; x_wconf 81' lang='lat' dir='ltr'>Constant.</span> <span class='ocrx_word' id='word_1_153' title='bbox 1031 1270 1158 1315; x_wconf 82' lang='lat' dir='ltr'>(Mansi</span> <span class='ocrx_word' id='word_1_154' title='bbox 1181 1270 1327 1314; x_wconf 84' lang='lat' dir='ltr'>ampliss.</span> 
     </span>
     <span class='ocr_line' id='line_1_19' title="bbox 209 1315 1327 1362; baseline 0 -14"><span class='ocrx_word' id='word_1_155' title='bbox 209 1317 342 1349; x_wconf 85' lang='lat' dir='ltr'>collect.</span> <span class='ocrx_word' id='word_1_156' title='bbox 369 1315 553 1349; x_wconf 82' lang='lat' dir='ltr'>concilior.</span> <span class='ocrx_word' id='word_1_157' title='bbox 578 1315 676 1348; x_wconf 85' lang='lat' dir='ltr'>Tom.</span> <span class='ocrx_word' id='word_1_158' title='bbox 704 1315 779 1362; x_wconf 85' lang='lat' dir='ltr'>IX.)</span> <span class='ocrx_word' id='word_1_159' title='bbox 802 1328 875 1359; x_wconf 80' lang='lat' dir='ltr'>pag.</span> <span class='ocrx_word' id='word_1_160' title='bbox 900 1315 976 1350; x_wconf 87' lang='grc'><strong>532.</strong></span> <span class='ocrx_word' id='word_1_161' title='bbox 1024 1316 1204 1357; x_wconf 64' lang='lat' dir='ltr'>„Koznwu</span> <span class='ocrx_word' id='word_1_162' title='bbox 1232 1316 1327 1349; x_wconf 80' lang='grc' dir='ltr'>ἀνα-</span> 
     </span>
     <span class='ocr_line' id='line_1_20' title="bbox 208 1360 1327 1416; baseline -0.001 -20"><span class='ocrx_word' id='word_1_163' title='bbox 208 1365 336 1404; x_wconf 83' lang='grc' dir='ltr'>λῦσαι,</span> <span class='ocrx_word' id='word_1_164' title='bbox 362 1366 422 1396; x_wconf 82' lang='grc' dir='ltr'>καὶ</span> <span class='ocrx_word' id='word_1_165' title='bbox 445 1360 512 1395; x_wconf 70' lang='grc' dir='ltr'>σὺν</span> <span class='ocrx_word' id='word_1_166' title='bbox 527 1363 677 1416; x_wconf 79' lang='grc' dir='ltr'><em>Χριστῷ</em></span> <span class='ocrx_word' id='word_1_167' title='bbox 693 1364 805 1395; x_wconf 77' lang='grc' dir='ltr'>ειναι·</span> <span class='ocrx_word' id='word_1_168' title='bbox 830 1363 951 1405; x_wconf 77' lang='grc' dir='ltr'><em>πολλῶ</em></span> <span class='ocrx_word' id='word_1_169' title='bbox 955 1361 1059 1416; x_wconf 66' lang='grc' dir='ltr'>μὶρ</span> <span class='ocrx_word' id='word_1_170' title='bbox 1057 1363 1196 1395; x_wconf 80' lang='grc' dir='ltr'><em>αᾶλλον</em></span> <span class='ocrx_word' id='word_1_171' title='bbox 1211 1365 1327 1406; x_wconf 55' lang='lat' dir='ltr'>xasa}-</span> 
     </span>
     <span class='ocr_line' id='line_1_21' title="bbox 209 1395 1328 1452; baseline -0.002 -11"><span class='ocrx_word' id='word_1_172' title='bbox 209 1411 306 1441; x_wconf 80' lang='grc' dir='ltr'>σον.“</span> <span class='ocrx_word' id='word_1_173' title='bbox 354 1409 499 1452; x_wconf 80' lang='grc' dir='ltr'><em>Νομίζω</em></span> <span class='ocrx_word' id='word_1_174' title='bbox 529 1408 616 1450; x_wconf 57' lang='lat' dir='ltr'>Jc&#39;cp.</span> <span class='ocrx_word' id='word_1_175' title='bbox 661 1405 711 1440; x_wconf 79' lang='grc' dir='ltr'>ὅτι</span> <span class='ocrx_word' id='word_1_176' title='bbox 745 1409 842 1448; x_wconf 76' lang='grc' dir='ltr'>λέγοι</span> <span class='ocrx_word' id='word_1_177' title='bbox 871 1404 921 1439; x_wconf 69' lang='grc' dir='ltr'>[ἲν</span> <span class='ocrx_word' id='word_1_178' title='bbox 952 1405 970 1440; x_wconf 87' lang='grc' dir='ltr'>ὁ</span> <span class='ocrx_word' id='word_1_179' title='bbox 1000 1395 1115 1448; x_wconf 66' lang='grc' dir='ltr'>ἥὶιος·</span> <span class='ocrx_word' id='word_1_180' title='bbox 1157 1396 1328 1448; x_wconf 62' lang='grc' dir='ltr'>γ,κάλλιον</span> 
     </span>
     <span class='ocr_line' id='line_1_22' title="bbox 208 1451 1324 1496; baseline 0 -10"><span class='ocrx_word' id='word_1_181' title='bbox 208 1453 323 1486; x_wconf 59' lang='lat' dir='ltr'>dms</span> <span class='ocrx_word' id='word_1_182' title='bbox 306 1465 406 1495; x_wconf 77' lang='lat' dir='ltr'>vom,</span> <span class='ocrx_word' id='word_1_183' title='bbox 431 1455 492 1486; x_wconf 83' lang='grc' dir='ltr'>καὶ</span> <span class='ocrx_word' id='word_1_184' title='bbox 516 1451 738 1496; x_wconf 73' lang='grc' dir='ltr'>σῠνΧριστῶ</span> <span class='ocrx_word' id='word_1_185' title='bbox 764 1457 873 1487; x_wconf 78' lang='grc' dir='ltr'>εἰναι·</span> <span class='ocrx_word' id='word_1_186' title='bbox 897 1454 1019 1495; x_wconf 77' lang='grc' dir='ltr'><em>πολλῶ</em></span> <span class='ocrx_word' id='word_1_187' title='bbox 1038 1451 1108 1496; x_wconf 77' lang='grc' dir='ltr'>γὰρ</span> <span class='ocrx_word' id='word_1_188' title='bbox 1125 1456 1303 1495; x_wconf 80' lang='grc' dir='ltr'><strong><em>κρεῖσσον.</em></strong></span> <span class='ocrx_word' id='word_1_189' title='bbox 1307 1455 1324 1472; x_wconf 82' lang='grc'>“</span> 
     </span>
     <span class='ocr_line' id='line_1_23' title="bbox 209 1479 1326 1552; baseline -0.002 -20"><span class='ocrx_word' id='word_1_190' title='bbox 209 1501 281 1532; x_wconf 80' lang='grc' dir='ltr'>Καὶ</span> <span class='ocrx_word' id='word_1_191' title='bbox 308 1497 325 1532; x_wconf 87' lang='grc' dir='ltr'>ὁ</span> <span class='ocrx_word' id='word_1_192' title='bbox 350 1479 418 1542; x_wconf 58' lang='lat' dir='ltr'>pci’v</span> <span class='ocrx_word' id='word_1_193' title='bbox 436 1499 595 1536; x_wconf 79' lang='grc' dir='ltr'><em>Παῦλος·</em></span> <span class='ocrx_word' id='word_1_194' title='bbox 623 1497 732 1538; x_wconf 53' lang='lat' dir='ltr'>„suasi</span> <span class='ocrx_word' id='word_1_195' title='bbox 759 1498 797 1531; x_wconf 72' lang='grc' dir='ltr'>τὸ</span> <span class='ocrx_word' id='word_1_196' title='bbox 823 1497 1007 1540; x_wconf 71' lang='grc' dir='ltr'>ἐπιμένειν</span> <span class='ocrx_word' id='word_1_197' title='bbox 1030 1499 1069 1540; x_wconf 79' lang='grc' dir='ltr'>τῆ</span> <span class='ocrx_word' id='word_1_198' title='bbox 1087 1500 1192 1540; x_wconf 82' lang='grc' dir='ltr'>σαρκὶ</span> <span class='ocrx_word' id='word_1_199' title='bbox 1209 1496 1326 1552; x_wconf 79' lang='grc' dir='ltr'><em>ἀναγ-</em></span> 
     </span>
     <span class='ocr_line' id='line_1_24' title="bbox 210 1541 1326 1598; baseline -0.001 -21"><span class='ocrx_word' id='word_1_200' title='bbox 210 1543 410 1596; x_wconf 77' lang='grc' dir='ltr'>καιότερον</span> <span class='ocrx_word' id='word_1_201' title='bbox 418 1543 460 1577; x_wconf 77' lang='grc' dir='ltr'>δι’</span> <span class='ocrx_word' id='word_1_202' title='bbox 488 1541 596 1585; x_wconf 77' lang='grc' dir='ltr'><em>ὑμᾶς·</em></span> <span class='ocrx_word' id='word_1_203' title='bbox 590 1546 625 1563; x_wconf 82' lang='lat'>·“</span> <span class='ocrx_word' id='word_1_204' title='bbox 660 1541 677 1576; x_wconf 85' lang='grc' dir='ltr'>ὁ</span> <span class='ocrx_word' id='word_1_205' title='bbox 704 1544 742 1576; x_wconf 72' lang='grc' dir='ltr'>δὲ</span> <span class='ocrx_word' id='word_1_206' title='bbox 767 1541 952 1585; x_wconf 64' lang='grc' dir='ltr'>ἢ’1ιος·τό</span> <span class='ocrx_word' id='word_1_207' title='bbox 977 1543 1162 1576; x_wconf 70' lang='grc' dir='ltr'>ἐπιμένειν</span> <span class='ocrx_word' id='word_1_208' title='bbox 1185 1544 1232 1598; x_wconf 81' lang='grc' dir='ltr'>τῷ</span> <span class='ocrx_word' id='word_1_209' title='bbox 1259 1541 1326 1576; x_wconf 85' lang='grc' dir='ltr'>οὐ-</span> 
     </span>
     <span class='ocr_line' id='line_1_25' title="bbox 209 1585 1327 1641; baseline -0.004 -17"><span class='ocrx_word' id='word_1_210' title='bbox 209 1594 321 1634; x_wconf 81' lang='grc' dir='ltr'><strong><em>ρανίῳ</em></strong></span> <span class='ocrx_word' id='word_1_211' title='bbox 351 1587 463 1622; x_wconf 73' lang='grc' dir='ltr'><em>τούτω</em></span> <span class='ocrx_word' id='word_1_212' title='bbox 498 1599 635 1632; x_wconf 81' lang='grc' dir='ltr'>σωματι</span> <span class='ocrx_word' id='word_1_213' title='bbox 676 1586 958 1641; x_wconf 76' lang='grc' dir='ltr'>αιἀγκαιότεοον</span> <span class='ocrx_word' id='word_1_214' title='bbox 995 1588 1055 1622; x_wconf 75' lang='grc' dir='ltr'>διὰ</span> <span class='ocrx_word' id='word_1_215' title='bbox 1085 1587 1151 1629; x_wconf 78' lang='grc' dir='ltr'>τὴν</span> <span class='ocrx_word' id='word_1_216' title='bbox 1182 1585 1327 1622; x_wconf 73' lang='grc' dir='ltr'>ἀποκά-</span> 
     </span>
     <span class='ocr_line' id='line_1_26' title="bbox 209 1631 1327 1675; baseline -0.002 -8"><span class='ocrx_word' id='word_1_217' title='bbox 209 1636 322 1672; x_wconf 67' lang='grc' dir='ltr'>λυψιν</span> <span class='ocrx_word' id='word_1_218' title='bbox 358 1636 430 1668; x_wconf 82' lang='grc' dir='ltr'>τῶν</span> <span class='ocrx_word' id='word_1_219' title='bbox 461 1636 594 1668; x_wconf 77' lang='grc' dir='ltr'>τέκνων</span> <span class='ocrx_word' id='word_1_220' title='bbox 626 1633 687 1667; x_wconf 81' lang='grc' dir='ltr'>τοῦ</span> <span class='ocrx_word' id='word_1_221' title='bbox 722 1636 819 1667; x_wconf 62' lang='grc' dir='ltr'>ΙΙεοῦ.</span> <span class='ocrx_word' id='word_1_222' title='bbox 872 1632 925 1666; x_wconf 81' lang='grc' dir='ltr'>Τὰ</span> <span class='ocrx_word' id='word_1_223' title='bbox 956 1633 995 1666; x_wconf 77' lang='grc' dir='ltr'>δὲ</span> <span class='ocrx_word' id='word_1_224' title='bbox 1030 1631 1121 1666; x_wconf 74' lang='grc' dir='ltr'>αὐτὰ</span> <span class='ocrx_word' id='word_1_225' title='bbox 1153 1635 1213 1666; x_wconf 82' lang='grc' dir='ltr'>καὶ</span> <span class='ocrx_word' id='word_1_226' title='bbox 1245 1635 1327 1675; x_wconf 76' lang='grc' dir='ltr'>περὶ</span> 
     </span>
     <span class='ocr_line' id='line_1_27' title="bbox 209 1677 1323 1723; baseline -0.001 -10"><span class='ocrx_word' id='word_1_227' title='bbox 209 1683 280 1715; x_wconf 76' lang='grc' dir='ltr'>τῶν</span> <span class='ocrx_word' id='word_1_228' title='bbox 302 1682 438 1714; x_wconf 82' lang='grc' dir='ltr'>λοιπῶν</span> <span class='ocrx_word' id='word_1_229' title='bbox 463 1679 620 1713; x_wconf 75' lang='grc' dir='ltr'>ιέστέιιων</span> <span class='ocrx_word' id='word_1_230' title='bbox 644 1680 794 1713; x_wconf 79' lang='grc' dir='ltr'>λεκτέον.</span> <span class='ocrx_word' id='word_1_231' title='bbox 820 1679 858 1710; x_wconf 89' lang='lat' dir='ltr'>R.</span> <span class='ocrx_word' id='word_1_232' title='bbox 884 1696 925 1702; x_wconf 87' lang='grc'><strong>-</strong></span> <span class='ocrx_word' id='word_1_233' title='bbox 951 1678 1019 1711; x_wconf 83' lang='lat' dir='ltr'>Cfr.</span> <span class='ocrx_word' id='word_1_234' title='bbox 1045 1677 1192 1723; x_wconf 84' lang='lat' dir='ltr'>Philipp.</span> <span class='ocrx_word' id='word_1_235' title='bbox 1218 1678 1245 1718; x_wconf 91' lang='grc' dir='ltr'>Ι,</span> <span class='ocrx_word' id='word_1_236' title='bbox 1268 1677 1323 1713; x_wconf 82' lang='lat'>23.</span> 
     </span>
     <span class='ocr_line' id='line_1_28' title="bbox 211 1723 670 1768; baseline 0.002 -12"><span class='ocrx_word' id='word_1_237' title='bbox 211 1726 289 1758; x_wconf 75' lang='lat' dir='ltr'>coll.</span> <span class='ocrx_word' id='word_1_238' title='bbox 313 1726 364 1757; x_wconf 83' lang='lat' dir='ltr'>ed.</span> <span class='ocrx_word' id='word_1_239' title='bbox 390 1725 517 1768; x_wconf 84' lang='lat' dir='ltr'>Redep.</span> <span class='ocrx_word' id='word_1_240' title='bbox 543 1737 613 1768; x_wconf 82' lang='lat' dir='ltr'>pag.</span> <span class='ocrx_word' id='word_1_241' title='bbox 637 1723 670 1757; x_wconf 82' lang='grc'>8.</span> 
     </span>
    </p>
   </div>
   <div class='ocr_carea' id='block_1_8' title="bbox 210 1783 1328 1874">
    <p class='ocr_par' dir='ltr' id='par_1_8' title="bbox 210 1783 1328 1874">
     <span class='ocr_line' id='line_1_29' title="bbox 303 1783 1326 1830; baseline -0.001 -14"><span class='ocrx_word' id='word_1_242' title='bbox 303 1788 334 1830; x_wconf 85' lang='grc'>’·’)</span> <span class='ocrx_word' id='word_1_243' title='bbox 361 1787 484 1818; x_wconf 73' lang='lat' dir='ltr'>Verba:</span> <span class='ocrx_word' id='word_1_244' title='bbox 511 1786 618 1826; x_wconf 84' lang='lat' dir='ltr'>„Puto</span> <span class='ocrx_word' id='word_1_245' title='bbox 645 1785 750 1823; x_wconf 81' lang='lat' dir='ltr'>enim,</span> <span class='ocrx_word' id='word_1_246' title='bbox 775 1784 849 1829; x_wconf 76' lang='lat' dir='ltr'>quia</span> <span class='ocrx_word' id='word_1_247' title='bbox 869 1805 906 1808; x_wconf 76' lang='lat'>—-</span> <span class='ocrx_word' id='word_1_248' title='bbox 935 1783 1085 1817; x_wconf 79' lang='lat' dir='ltr'>Christo:</span> <span class='ocrx_word' id='word_1_249' title='bbox 1110 1784 1217 1817; x_wconf 88' lang='lat' dir='ltr'>multo</span> <span class='ocrx_word' id='word_1_250' title='bbox 1237 1783 1326 1816; x_wconf 83' lang='lat' dir='ltr'>enim</span> 
     </span>
     <span class='ocr_line' id='line_1_30' title="bbox 210 1829 1328 1874; baseline -0.004 -10"><span class='ocrx_word' id='word_1_251' title='bbox 210 1833 366 1871; x_wconf 70' lang='lat' dir='ltr'>melius,“</span> <span class='ocrx_word' id='word_1_252' title='bbox 392 1831 424 1863; x_wconf 84' lang='lat' dir='ltr'>in</span> <span class='ocrx_word' id='word_1_253' title='bbox 451 1831 545 1862; x_wconf 79' lang='lat' dir='ltr'>editis</span> <span class='ocrx_word' id='word_1_254' title='bbox 571 1833 616 1874; x_wconf 93' lang='lat' dir='ltr'>(v.</span> <span class='ocrx_word' id='word_1_255' title='bbox 642 1845 668 1862; x_wconf 85' lang='lat' dir='ltr'>c.</span> <span class='ocrx_word' id='word_1_256' title='bbox 694 1831 768 1862; x_wconf 80' lang='lat' dir='ltr'>edd.</span> <span class='ocrx_word' id='word_1_257' title='bbox 789 1831 850 1873; x_wconf 82' lang='lat' dir='ltr'>M.)</span> <span class='ocrx_word' id='word_1_258' title='bbox 876 1830 960 1861; x_wconf 80' lang='lat' dir='ltr'>male</span> <span class='ocrx_word' id='word_1_259' title='bbox 986 1829 1126 1870; x_wconf 78' lang='lat' dir='ltr'>omissa,</span> <span class='ocrx_word' id='word_1_260' title='bbox 1150 1829 1328 1862; x_wconf 83' lang='lat' dir='ltr'>restituunt</span> 
     </span>
    </p>
   </div>
   <div class='ocr_carea' id='block_1_9' title="bbox 210 1876 625 1910">
    <p class='ocr_par' dir='ltr' id='par_1_9' title="bbox 210 1876 625 1910">
     <span class='ocr_line' id='line_1_31' title="bbox 210 1876 625 1910; baseline -0.002 0"><span class='ocrx_word' id='word_1_261' title='bbox 210 1891 325 1910; x_wconf 80' lang='lat' dir='ltr'>ornnes</span> <span class='ocrx_word' id='word_1_262' title='bbox 350 1876 457 1909; x_wconf 88' lang='lat' dir='ltr'>Codd.</span> <span class='ocrx_word' id='word_1_263' title='bbox 482 1877 560 1909; x_wconf 86' lang='lat' dir='ltr'>Mss.</span> <span class='ocrx_word' id='word_1_264' title='bbox 587 1877 625 1909; x_wconf 83' lang='lat' dir='ltr'>R.</span> 
     </span>
    </p>
   </div>
   <div class='ocr_carea' id='block_1_10' title="bbox 211 1936 1326 2026">
    <p class='ocr_par' dir='ltr' id='par_1_10' title="bbox 211 1936 1326 2026">
     <span class='ocr_line' id='line_1_32' title="bbox 300 1936 1325 1983; baseline -0.003 -13"><span class='ocrx_word' id='word_1_265' title='bbox 300 1940 333 1983; x_wconf 82' lang='lat'>³)</span> <span class='ocrx_word' id='word_1_266' title='bbox 360 1938 420 1970; x_wconf 87' lang='lat' dir='ltr'>Ed.</span> <span class='ocrx_word' id='word_1_267' title='bbox 446 1937 493 1969; x_wconf 85' lang='lat' dir='ltr'>M.</span> <span class='ocrx_word' id='word_1_268' title='bbox 520 1937 543 1968; x_wconf 94' lang='lat' dir='ltr'>I.</span> <span class='ocrx_word' id='word_1_269' title='bbox 585 1937 648 1977; x_wconf 84' lang='lat' dir='ltr'>„Et</span> <span class='ocrx_word' id='word_1_270' title='bbox 670 1936 791 1968; x_wconf 81' lang='lat' dir='ltr'>Paulus</span> <span class='ocrx_word' id='word_1_271' title='bbox 815 1946 928 1979; x_wconf 78' lang='lat' dir='ltr'>postea</span> <span class='ocrx_word' id='word_1_272' title='bbox 955 1936 1088 1981; x_wconf 87' lang='lat' dir='ltr'>quidem</span> <span class='ocrx_word' id='word_1_273' title='bbox 1114 1936 1211 1968; x_wconf 79' lang='lat' dir='ltr'>dicit:</span> <span class='ocrx_word' id='word_1_274' title='bbox 1236 1936 1325 1969; x_wconf 74' lang='lat' dir='ltr'>Sed⁴⁶</span> 
     </span>
     <span class='ocr_line' id='line_1_33' title="bbox 211 1981 1326 2026; baseline -0.005 -8"><span class='ocrx_word' id='word_1_275' title='bbox 211 1995 284 2025; x_wconf 56' lang='lat' dir='ltr'>etc„</span> <span class='ocrx_word' id='word_1_276' title='bbox 310 1985 361 2017; x_wconf 86' lang='lat' dir='ltr'>ed.</span> <span class='ocrx_word' id='word_1_277' title='bbox 382 1983 429 2016; x_wconf 88' lang='lat' dir='ltr'>M.</span> <span class='ocrx_word' id='word_1_278' title='bbox 447 1982 488 2015; x_wconf 87' lang='lat' dir='ltr'>ll.</span> <span class='ocrx_word' id='word_1_279' title='bbox 514 1982 577 2022; x_wconf 85' lang='lat' dir='ltr'>„Et</span> <span class='ocrx_word' id='word_1_280' title='bbox 600 1981 700 2026; x_wconf 87' lang='lat' dir='ltr'>paulo</span> <span class='ocrx_word' id='word_1_281' title='bbox 726 1991 840 2025; x_wconf 79' lang='lat' dir='ltr'>postea</span> <span class='ocrx_word' id='word_1_282' title='bbox 865 1982 1001 2026; x_wconf 85' lang='lat' dir='ltr'>quidem</span> <span class='ocrx_word' id='word_1_283' title='bbox 1026 1981 1122 2014; x_wconf 87' lang='lat' dir='ltr'>dicit:</span> <span class='ocrx_word' id='word_1_284' title='bbox 1147 1981 1236 2014; x_wconf 83' lang='lat' dir='ltr'>Sed“</span> <span class='ocrx_word' id='word_1_285' title='bbox 1263 1990 1326 2013; x_wconf 82' lang='lat' dir='ltr'>etc.</span> 
     </span>
    </p>
   </div>
   <div class='ocr_carea' id='block_1_11' title="bbox 274 2043 1325 2316">
    <p class='ocr_par' dir='ltr' id='par_1_11' title="bbox 274 2043 1325 2316">
     <span class='ocr_line' id='line_1_34' title="bbox 299 2043 638 2088; baseline -0.012 -10"><span class='ocrx_word' id='word_1_286' title='bbox 299 2047 332 2088; x_wconf 79' lang='lat'>⁴)</span> <span class='ocrx_word' id='word_1_287' title='bbox 357 2043 504 2087; x_wconf 85' lang='lat' dir='ltr'>Philipp.</span> <span class='ocrx_word' id='word_1_288' title='bbox 531 2044 562 2081; x_wconf 83' lang='lat' dir='ltr'>l,</span> <span class='ocrx_word' id='word_1_289' title='bbox 586 2043 638 2077; x_wconf 76' lang='grc'>24.</span> 
     </span>
     <span class='ocr_line' id='line_1_35' title="bbox 302 2099 1165 2145; baseline -0.001 -12"><span class='ocrx_word' id='word_1_290' title='bbox 302 2104 334 2145; x_wconf 72' lang='grc'>5)</span> <span class='ocrx_word' id='word_1_291' title='bbox 358 2101 443 2133; x_wconf 85' lang='lat' dir='ltr'>Edd.</span> <span class='ocrx_word' id='word_1_292' title='bbox 470 2101 504 2133; x_wconf 79' lang='lat' dir='ltr'>M</span> <span class='ocrx_word' id='word_1_293' title='bbox 543 2099 782 2140; x_wconf 74' lang='lat' dir='ltr'>„necessarium</span> <span class='ocrx_word' id='word_1_294' title='bbox 808 2109 892 2143; x_wconf 85' lang='lat' dir='ltr'>puto</span> <span class='ocrx_word' id='word_1_295' title='bbox 916 2101 1076 2143; x_wconf 84' lang='lat' dir='ltr'>propter“</span> <span class='ocrx_word' id='word_1_296' title='bbox 1103 2108 1165 2132; x_wconf 85' lang='lat' dir='ltr'>etc.</span> 
     </span>
     <span class='ocr_line' id='line_1_36' title="bbox 300 2156 1036 2201; baseline -0.003 -12"><span class='ocrx_word' id='word_1_297' title='bbox 300 2160 334 2201; x_wconf 60' lang='grc'>6)</span> <span class='ocrx_word' id='word_1_298' title='bbox 358 2157 444 2190; x_wconf 86' lang='lat' dir='ltr'>Edd.</span> <span class='ocrx_word' id='word_1_299' title='bbox 469 2157 515 2188; x_wconf 77' lang='lat' dir='ltr'>M.</span> <span class='ocrx_word' id='word_1_300' title='bbox 543 2165 673 2196; x_wconf 74' lang='lat' dir='ltr'>„autem</span> <span class='ocrx_word' id='word_1_301' title='bbox 698 2165 780 2200; x_wconf 86' lang='lat' dir='ltr'>puto</span> <span class='ocrx_word' id='word_1_302' title='bbox 805 2156 837 2188; x_wconf 80' lang='lat' dir='ltr'>in</span> <span class='ocrx_word' id='word_1_303' title='bbox 863 2157 948 2188; x_wconf 72' lang='lat' dir='ltr'>hoc“</span> <span class='ocrx_word' id='word_1_304' title='bbox 975 2164 1036 2187; x_wconf 82' lang='lat' dir='ltr'>ete.</span> 
     </span>
     <span class='ocr_line' id='line_1_37' title="bbox 303 2212 758 2258; baseline -0.004 -12"><span class='ocrx_word' id='word_1_305' title='bbox 303 2214 337 2258; x_wconf 91' lang='grc'>7)</span> <span class='ocrx_word' id='word_1_306' title='bbox 362 2213 430 2246; x_wconf 84' lang='lat' dir='ltr'>Cfr.</span> <span class='ocrx_word' id='word_1_307' title='bbox 459 2213 479 2244; x_wconf 87' lang='grc' dir='ltr'>Ι.</span> <span class='ocrx_word' id='word_1_308' title='bbox 506 2212 582 2244; x_wconf 77' lang='lat' dir='ltr'>Cor.</span> <span class='ocrx_word' id='word_1_309' title='bbox 606 2213 682 2252; x_wconf 83' lang='lat' dir='ltr'>XV,</span> <span class='ocrx_word' id='word_1_310' title='bbox 706 2212 758 2246; x_wconf 65' lang='lat'>24.</span> 
     </span>
     <span class='ocr_line' id='line_1_38' title="bbox 274 2267 1325 2316; baseline -0.005 -12"><span class='ocrx_word' id='word_1_311' title='bbox 274 2308 280 2313; x_wconf 76' lang='lat'>.</span> <span class='ocrx_word' id='word_1_312' title='bbox 303 2271 336 2316; x_wconf 74' lang='lat'>⁸)</span> <span class='ocrx_word' id='word_1_313' title='bbox 362 2270 418 2304; x_wconf 85' lang='lat' dir='ltr'>Sic</span> <span class='ocrx_word' id='word_1_314' title='bbox 443 2269 519 2303; x_wconf 77' lang='lat' dir='ltr'>Mss.</span> <span class='ocrx_word' id='word_1_315' title='bbox 546 2268 639 2301; x_wconf 87' lang='lat' dir='ltr'>Libri</span> <span class='ocrx_word' id='word_1_316' title='bbox 664 2268 745 2301; x_wconf 82' lang='lat' dir='ltr'>editi</span> <span class='ocrx_word' id='word_1_317' title='bbox 769 2269 816 2312; x_wconf 87' lang='lat' dir='ltr'>(v.</span> <span class='ocrx_word' id='word_1_318' title='bbox 841 2282 867 2301; x_wconf 88' lang='lat' dir='ltr'>c.</span> <span class='ocrx_word' id='word_1_319' title='bbox 892 2268 968 2302; x_wconf 77' lang='lat' dir='ltr'>edd.</span> <span class='ocrx_word' id='word_1_320' title='bbox 985 2267 1050 2312; x_wconf 88' lang='grc' dir='ltr'>Μ)</span> <span class='ocrx_word' id='word_1_321' title='bbox 1075 2267 1269 2309; x_wconf 79' lang='lat' dir='ltr'>„regenda.“</span> <span class='ocrx_word' id='word_1_322' title='bbox 1283 2267 1325 2300; x_wconf 85' lang='lat' dir='ltr'>R.</span> 
     </span>
    </p>
   </div>
  </div>
 </body>
</html>
