1404 2463
438 133 484 156 nn
509 124 703 157 Pammms
730 124 802 157 Lm.
828 124 885 157 lV.
1167 124 1233 158 429

108 223 211 243 unum
244 211 433 255 Clementi,
471 222 503 245 et
533 226 636 246 unum
669 213 874 257 Graptac.¹)
921 212 964 245 Et
995 213 1121 257 Grapte
1163 214 1234 258 qui-

109 273 185 305 dem
224 284 438 306 commoneat
476 275 635 318 vidue-⁵²)
673 285 704 307 ct
742 275 928 319 orphanos,
964 275 1120 307 Clemens
1153 288 1234 308 vero

110 334 219 367 mittat
243 348 304 378 per
329 348 444 368 omnes
469 337 636 379 civitates,
671 350 754 381 quae
780 336 862 369 foris
887 345 980 375 sunt,
1011 346 1048 368 tu
1075 336 1154 368 vero
1180 350 1235 369 :m-

110 396 282 428 nunciabis
309 397 408 441 (169)
443 398 643 443 presbyteris
669 398 862 432 ecclesiae.“
910 398 969 430 Est
993 411 1071 440 ergo
1096 398 1235 442 Grapte‚

112 471 195 501 quac
235 458 448 502 01-phanos3)
479 458 614 503 jubetur
649 469 682 492 et
712 460 826 492 viduas
860 472 1094 499 commonere,
1132 473 1236 503 purus

111 518 216 562 ipsius
241 519 356 551 literae
382 520 589 562 intellectus3
614 535 675 565 per
699 535 798 566 quem
825 531 1084 554 commonentur
1107 522 1236 554 animae

110 580 275 623 pueriles,
314 594 397 625 quae
429 580 625 625 nondum⁴)
658 591 786 626 patrem
812 583 923 615 Deum
959 583 1080 615 habere
1104 595 1236 615 merue-

110 651 206 681 runt,
239 651 271 673 et
303 651 483 686 propterea
515 643 684 687 orphanae
714 644 936 688 appellantur.
983 644 1050 677 Sed
1083 653 1115 676 et
1128 644 1160 688 ⁵)
1192 643 1236 676 vi-

112 703 197 734 duae
229 712 321 742 sunt,
355 717 438 748 quae
464 706 504 736 ab
529 704 589 736 illo
616 705 750 749 quidem
776 706 891 750 iniquo
916 706 1007 745 viro,
1045 705 1096 738 cui
1122 714 1236 737 contra

112 764 218 804 legem
249 764 380 810 junctae
412 766 560 805 fuerant,
592 775 815 806 recesserunt,
851 766 968 798 viduae
1001 779 1082 798 vero
1106 779 1239 810 perma-

110 835 192 858 nent
216 839 254 858 ex
281 839 342 867 cO,
368 828 458 870 quod
484 828 633 859 nondum
659 829 876 871 profecerunt
900 827 932 859 in
958 827 1041 867 hoc,
1065 838 1103 860 ut
1128 828 1239 861 coele-

112 888 152 919 sti
180 901 306 932 sponso
332 887 554 932 jungerentur.
605 890 760 922 Clemens
787 903 864 921 vero
889 889 950 929 his,
975 889 1032 933 qui
1058 888 1121 934 jam
1146 902 1238 921 rece-

112 950 195 981 dunt
220 963 236 980 a
262 949 376 990 litera,
414 949 448 981 in
474 963 543 988 eaS,
580 963 663 994 quae
687 951 770 983 soris
793 960 887 990 sunt,
927 950 1075 983 civitates
1105 950 1237 982 mittere

112 1010 246 1055 jubetur
269 1024 353 1055 quae
378 1011 464 1044 dicta
489 1022 581 1051 sunt,
613 1013 704 1045 velut
728 1013 753 1044 si
780 1013 922 1051 diceret,
958 1013 1000 1044 ad
1025 1024 1078 1044 eas
1103 1011 1239 1051 animas,

114 1086 197 1117 quac
230 1086 292 1117 per
323 1073 388 1105 hoc
419 1073 612 1106 aedificatae
649 1084 737 1106 extra
769 1074 921 1118 corporis
953 1086 1064 1105 curam
1091 1083 1124 1105 et
1149 1082 1238 1105 extra

114 1135 276 1167 desideria
302 1134 444 1167 carnalia
470 1148 538 1167 esse
564 1145 759 1180 coeperunt.
806 1137 879 1179 lpse
904 1148 1002 1174 vcro,
1039 1134 1094 1179 qui
1120 1148 1136 1167 a
1162 1134 1239 1179 Spi-

113 1196 180 1228 ritu
203 1206 317 1229 sancto
343 1197 517 1236 didicerat,
542 1209 608 1228 non
634 1210 695 1241 per
720 1198 840 1235 literas,
864 1209 972 1240 neque
996 1210 1058 1240 per
1073 1196 1238 1235 libellum,

112 1259 171 1290 sed
205 1258 328 1290 viventi
360 1270 443 1290 voce
468 1258 603 1303 jubetur
627 1258 825 1290 annunciare
851 1257 1053 1303 presbyteris
1079 1257 1238 1289 ecclesiae

114 1319 256 1361 Christi,
289 1319 323 1351 id
349 1328 414 1361 est,
445 1319 494 1351 his
508 1320 540 1363 ὃ)
567 1319 624 1363 qui
649 1329 814 1352 maturum
839 1319 1036 1363 prudentiae
1059 1319 1238 1362 sensum7)

115 1394 270 1426 capacem
296 1381 469 1413 doctrinae
493 1381 675 1425 spiritualis
698 1392 826 1423 gerunt.

204 1443 256 1476 12.
303 1442 391 1474 Illud
422 1455 499 1474 sane
531 1456 597 1474 non
630 1443 870 1485 ignorandum,
910 1455 978 1474 esse
1010 1443 1173 1486 quaedam
1203 1442 1238 1474 in

114 1503 314 1547 Scripturis,
350 1503 383 1534 in
416 1504 536 1547 quibus
569 1504 633 1537 hoc
664 1505 756 1549 quod
787 1504 930 1536 diximus
955 1517 1094 1548 corpus,
1132 1503 1167 1535 id
1192 1513 1240 1535 est

113 1564 350 1609 consequentia
364 1564 397 1608 Θ)
421 1565 600 1598 historialis
623 1566 879 1608 inteHigentiae‚
902 1578 971 1597 non
993 1577 1127 1610 semper
1149 1565 1241 1597 inve-

114 1627 221 1666 nitur,
255 1626 341 1659 sicut
373 1626 407 1659 in
436 1627 716 1671 consequentibus
742 1626 1062 1659 demonstrabimus:
1087 1636 1121 1659 et
1133 1625 1167 1671 9)
1192 1635 1241 1658 est

210 1779 240 1821 ¹)
265 1778 351 1810 Edd.
377 1778 424 1810 Μ.
452 1777 633 1821 „Grapte.“

205 1834 238 1877 ²)
264 1834 368 1866 Deest
396 1833 553 1874 „viduas“
580 1833 612 1865 in
638 1834 688 1866 ed.
714 1834 761 1867 Μ.
778 1834 813 1866 ,1.

207 1890 240 1933 3)
265 1889 320 1922 Sic
347 1889 424 1922 Mss.
456 1889 548 1921 Editi
579 1891 624 1932 (V.
651 1903 676 1922 c.
704 1891 779 1922 edd.
807 1890 873 1934 Μ.)
907 1889 1097 1934 „orphanos
1131 1898 1165 1920 ct
1194 1888 1242 1920 vi-

115 1935 194 1967 duas
221 1934 353 1966 videtur
379 1938 628 1968 commonere.“
653 1935 694 1969 R.

207 1989 239 2033 ⁴)
264 1989 351 2022 Edd.
378 1989 424 2022 Μ.
451 1992 624 2031 „nondum
649 1990 762 2024 Deum
786 2000 914 2036 patrem
940 1991 1082 2023 habere“
1109 1998 1171 2022 cte.

208 2046 239 2087 5)
264 2045 370 2076 Deest
397 2049 470 2085 „ct“
498 2046 531 2078 in
558 2046 633 2080 edd.
659 2048 706 2080 Μ.

208 2100 241 2144 ⁵)
271 2101 376 2132 Deest
402 2101 494 2142 „his“
521 2101 553 2133 in
580 2103 654 2135 edd.
680 2104 728 2136 M.

207 2157 239 2199 7)
266 2157 323 2190 Sic
347 2157 426 2189 Mss.
452 2158 544 2190 Editi
570 2171 649 2190 vcro
676 2161 721 2204 (v.
747 2173 774 2192 c.
803 2160 879 2193 edd.
906 2160 971 2204 Μ.)
998 2171 1150 2201 „sensum
1177 2170 1239 2201 pro

117 2202 297 2246 capacitate
319 2203 512 2235 doctrinae“
539 2213 599 2235 etc.
629 2205 665 2236 R.

209 2258 241 2301 Β)
268 2257 323 2291 Sic
348 2259 427 2291 Mss.
454 2259 544 2291 Editi
577 2272 656 2291 vero
690 2262 736 2304 (v.
763 2274 789 2292 c.
816 2261 892 2293 cdd.
918 2260 983 2304 M.)
1018 2258 1240 2302 „convenien-

116 2303 193 2336 tia.“
221 2304 258 2336 R.
356 2305 388 2347 ⁹)
417 2303 486 2336 Csr.
513 2305 564 2338 ed.
590 2305 717 2350 Redep.
743 2305 917 2350 pag-342.
942 2316 1010 2339 not.
1035 2305 1088 2340 23.
