1404 2463
153 108 219 143 344
627 111 803 144 officum

154 198 262 239 sonis,
294 213 378 245 quae
404 201 471 233 dici
504 211 643 245 possunt
660 203 690 245 ¹)
717 200 955 246 disputationis
980 201 1132 245 mod02)
1157 203 1199 234 de
1224 202 1293 234 sin-

155 261 240 302 gulis
265 262 475 304 dogmatibus
499 264 534 295 in
559 263 708 295 medium
734 263 954 308 protulimus:
981 262 1039 307 qui
1062 273 1176 295 autem
1200 263 1291 306 legit,

1359 288 1370 338 4

159 322 257 365 eligat
283 336 320 355 ex
346 324 407 365 his,
432 337 517 369 quae
529 324 561 369 3)
587 324 689 367 magis
715 325 951 369 amplectenda
976 325 1018 357 sit
1043 324 1139 360 ratio.

403 674 646 716 CAPUT
707 673 1066 723 QUINTUM.

369 772 474 816 Quod
507 774 650 806 mundus
682 786 720 805 ex
753 782 909 817 tempore
941 773 1104 817 coeperit.

262 863 290 896 1.
340 862 421 895 Post
457 863 537 895 haec
568 862 633 907 jam
659 861 818 907 quoniam
844 863 981 907 quidem
1007 863 1048 894 de
1075 861 1306 894 ecclesiasticis

172 923 473 969 definitionibus⁴)
510 937 615 956 unum
650 924 793 957 babetur
827 924 1009 969 praecipue
1042 923 1226 956 secundum
1259 922 1308 954 hi—

172 984 295 1017 storiae
327 995 461 1019 nostrae
492 986 614 1025 fidem,
646 986 739 1031 quod
763 986 907 1018 mundus
932 985 1032 1030 hic⁵)
1057 985 1163 1018 factus
1187 985 1245 1026 sit,
1277 993 1310 1016 et

175 1060 212 1078 ex
249 1056 342 1079 certo
374 1057 529 1092 tempore
562 1047 773 1092 coeperit‚⁶)
800 1056 832 1080 et
855 1047 1040 1080 secundum
1064 1046 1310 1092 promulgatam

175 1108 331 1141 omnibus
378 1109 703 1142 consummationem
741 1108 866 1142 saeculi
905 1121 968 1153 pro
1005 1106 1056 1140 sui
1093 1106 1310 1151 corruptione

173 1171 354 1203 solvendus
384 1171 444 1209 sit,
476 1171 576 1204 etiam
609 1171 649 1204 de
683 1173 748 1204 hoc
779 1183 885 1215 pauca
909 1179 1062 1214 repetere
1087 1182 1156 1202 non
1181 1168 1314 1201 videtur

176 1234 370 1266 absurdum.
418 1233 463 1266 Et
495 1243 656 1278 quantum
690 1233 827 1278 quidem
858 1232 900 1265 ad
927 1231 1177 1276 Scripturarum
1210 1230 1312 1262 fidem

176 1295 334 1339 pertinet,
359 1295 530 1340 perfacilis
553 1295 687 1328 videtur
711 1296 753 1327 de
778 1295 843 1327 hoc
868 1293 1018 1327 assertio.
1067 1292 1222 1337 Denique
1239 1291 1316 1324 hae-

178 1357 272 1389 retici
305 1370 380 1389 cum
412 1356 446 1389 iu
481 1357 545 1389 alia
578 1356 731 1402 multa⁷)
757 1357 906 1389 distracti
937 1356 1020 1398 sint,
1053 1355 1086 1388 in
1111 1354 1176 1387 hoc
1202 1364 1313 1387 tamen

177 1418 372 1463 Scripturae
396 1418 589 1451 auctoritati
615 1418 772 1450 cedentes
796 1418 856 1450 visi
868 1419 902 1461 ⁸)
927 1427 1005 1450 sunt
1030 1429 1226 1450 consonare.

269 1481 322 1513 De
356 1480 552 1513 conditione
589 1493 666 1522 ergo
702 1480 819 1512 mundi
852 1493 936 1524 quae
961 1479 1028 1512 alia
1054 1492 1116 1511 nos
1141 1478 1316 1522 Scriptura

182 1542 284 1584 magis
315 1542 443 1587 poterit
467 1544 612 1576 edocere
637 1555 739 1586 quam
764 1554 820 1580 ea,
846 1555 929 1586 quae
955 1555 971 1573 a
997 1540 1096 1573 Mose
1121 1541 1162 1572 de
1189 1539 1317 1582 origine

278 1695 309 1738 ¹)
337 1694 426 1726 Edd.
454 1694 502 1726 M.
530 1693 711 1737 „possint.«

275 1753 310 1793 2)
337 1750 394 1784 Sic
422 1750 490 1783 Mss
527 1749 619 1782 Alias
645 1752 691 1793 (v.
717 1763 745 1781 c.
770 1748 802 1780 iu
829 1748 904 1780 edd.
931 1748 996 1791 M.)
1025 1751 1176 1780 »causa.“
1215 1747 1254 1780 R.

275 1809 308 1851 3)
332 1806 527 1840 Notandum
558 1805 593 1837 in
627 1814 723 1837 antea
755 1804 853 1837 editis
879 1805 926 1848 (V.
954 1818 981 1837 c.
1007 1804 1084 1836 edd.
1110 1803 1177 1847 M.)
1202 1804 1319 1835 verba:

184 1865 291 1898 „quae
328 1852 429 1893 magis
461 1851 694 1895 amplectenda
726 1849 767 1882 sit
799 1849 919 1889 ratio‚“
960 1849 1062 1881 finem
1100 1861 1169 1881 esse
1203 1848 1321 1892 capitis

184 1897 310 1943 quarti,
350 1897 442 1941 quod
473 1896 585 1928 statim
626 1895 751 1940 excipit
781 1904 880 1939 caput
912 1894 1085 1939 quintum,
1121 1894 1187 1926 hoc
1219 1893 1321 1926 titulo

183 1943 384 1988 praemisso:
420 1941 547 1984 „Quod
573 1941 716 1973 mundus
743 1954 780 1973 ex
805 1950 961 1984 tempore
984 1938 1170 1984 coeperit.«
1221 1941 1265 1971 At
1288 1938 1321 1970 in

182 1990 305 2021 nostris
332 1989 409 2020 Mss.
436 1987 567 2019 nullum
600 1995 650 2018 est
680 1985 818 2031 hujusce
842 1985 933 2018 tituli
959 1985 1155 2026 vestigium,
1187 1993 1246 2016 aut
1270 1996 1323 2016 ca-

184 2033 261 2078 pitis
287 2031 468 2065 desinentis
493 2041 526 2064 et
551 2031 688 2064 alterius
713 2031 903 2075 incipientis
928 2030 1104 2063 indicium.
1129 2030 1168 2062 R.

277 2090 309 2132 ⁴)
337 2089 398 2120 Ed.
427 2088 474 2120 M.
503 2088 527 2120 I.
556 2087 872 2128 „diffinitionibus“

280 2147 312 2189 ⁵)
338 2145 443 2177 Deest
464 2143 560 2185 „hic“
586 2144 619 2176 in
645 2144 721 2176 edd.
751 2144 796 2176 Μ.
906 2143 939 2186 ⁶)
966 2143 1042 2175 Edd
1080 2142 1128 2174 Μ.
1155 2140 1321 2185 „coepit.“

279 2201 312 2244 7)
337 2200 442 2232 Deest
466 2200 499 2231 in
524 2209 618 2232 antea
645 2200 744 2232 editis
772 2203 819 2243 (v.
848 2212 873 2230 c.
901 2199 976 2230 edd.
997 2199 1076 2242 M),
1102 2197 1160 2230 sed
1185 2197 1326 2228 habetur

186 2249 220 2280 in
248 2247 327 2279 Mss.
357 2245 513 2277 »multn.⁴‘
546 2245 586 2277 R.

277 2306 311 2346 ²⁴)
339 2302 396 2335 Sic
425 2302 504 2334 Mss.
534 2300 625 2332 Alias
651 2301 696 2344 (ν.
725 2314 750 2333 c.
777 2299 810 2331 in
838 2299 913 2331 edd.
941 2299 1004 2341 Μ.)
1031 2297 1114 2339 „nisi
1138 2301 1244 2330 sunt“
1273 2297 1310 2329 li.
