<?xml version="1.0" encoding="UTF-8"?>
<!DOCTYPE html PUBLIC "-//W3C//DTD XHTML 1.0 Transitional//EN"
    "http://www.w3.org/TR/xhtml1/DTD/xhtml1-transitional.dtd">
<html xmlns="http://www.w3.org/1999/xhtml" xml:lang="en" lang="en">
 <head>
  <title>
</title>
<meta http-equiv="Content-Type" content="text/html;charset=utf-8" />
  <meta name='ocr-system' content='tesseract 3.04.00' />
  <meta name='ocr-capabilities' content='ocr_page ocr_carea ocr_par ocr_line ocrx_word'/>
</head>
<body>
  <div class='ocr_page' id='page_1' title='image "./operaomniaquaegr21orig/operaomniaquaegr21orig_0312.png"; bbox 0 0 1404 2463; ppageno 0'>
   <div class='ocr_carea' id='block_1_1' title="bbox 182 78 844 114">
    <p class='ocr_par' dir='ltr' id='par_1_1' title="bbox 182 78 844 114">
     <span class='ocr_line' id='line_1_1' title="bbox 182 78 844 114; baseline 0.003 -2"><span class='ocrx_word' id='word_1_1' title='bbox 182 78 249 113; x_wconf 74' lang='lat'>298</span> <span class='ocrx_word' id='word_1_2' title='bbox 667 83 844 114; x_wconf 74' lang='lat' dir='ltr'>OfflGssms</span> 
     </span>
    </p>
   </div>
   <div class='ocr_carea' id='block_1_2' title="bbox 184 167 1336 1615">
    <p class='ocr_par' dir='ltr' id='par_1_2' title="bbox 184 167 1336 1615">
     <span class='ocr_line' id='line_1_2' title="bbox 184 167 1323 207; baseline 0.003 -9"><span class='ocrx_word' id='word_1_3' title='bbox 184 167 302 198; x_wconf 82' lang='lat' dir='ltr'><strong>eadem</strong></span> <span class='ocrx_word' id='word_1_4' title='bbox 328 180 433 200; x_wconf 85' lang='lat' dir='ltr'>massa</span> <span class='ocrx_word' id='word_1_5' title='bbox 457 178 490 201; x_wconf 88' lang='lat' dir='ltr'>et</span> <span class='ocrx_word' id='word_1_6' title='bbox 514 169 653 201; x_wconf 87' lang='lat' dir='ltr'>honoris</span> <span class='ocrx_word' id='word_1_7' title='bbox 679 179 711 201; x_wconf 87' lang='lat' dir='ltr'>et</span> <span class='ocrx_word' id='word_1_8' title='bbox 737 168 963 201; x_wconf 69' lang='lat' dir='ltr'>contumeliae</span> <span class='ocrx_word' id='word_1_9' title='bbox 990 180 1044 200; x_wconf 78' lang='lat' dir='ltr'>vas</span> <span class='ocrx_word' id='word_1_10' title='bbox 1068 169 1144 207; x_wconf 78' lang='lat' dir='ltr'>ssat,</span> <span class='ocrx_word' id='word_1_11' title='bbox 1169 181 1238 200; x_wconf 93' lang='lat' dir='ltr'>non</span> <span class='ocrx_word' id='word_1_12' title='bbox 1261 181 1323 201; x_wconf 87' lang='lat' dir='ltr'>nos</span> 
     </span>
     <span class='ocr_line' id='line_1_3' title="bbox 185 227 1324 271; baseline 0.003 -12"><span class='ocrx_word' id='word_1_13' title='bbox 185 227 312 271; x_wconf 83' lang='lat' dir='ltr'>poterit</span> <span class='ocrx_word' id='word_1_14' title='bbox 336 238 522 262; x_wconf 83' lang='lat' dir='ltr'>coarctare:</span> <span class='ocrx_word' id='word_1_15' title='bbox 548 243 648 262; x_wconf 87' lang='lat' dir='ltr'>unam</span> <span class='ocrx_word' id='word_1_16' title='bbox 674 232 797 263; x_wconf 82' lang='lat' dir='ltr'>etenim</span> <span class='ocrx_word' id='word_1_17' title='bbox 822 240 975 262; x_wconf 87' lang='lat' dir='ltr'>naturam</span> <span class='ocrx_word' id='word_1_18' title='bbox 1001 228 1154 261; x_wconf 86' lang='lat' dir='ltr'>omnium</span> <span class='ocrx_word' id='word_1_19' title='bbox 1180 241 1249 263; x_wconf 83' lang='lat' dir='ltr'><strong>esse</strong></span> <span class='ocrx_word' id='word_1_20' title='bbox 1273 230 1324 262; x_wconf 89' lang='lat' dir='ltr'>di·</span> 
     </span>
     <span class='ocr_line' id='line_1_4' title="bbox 185 288 1325 331; baseline 0.003 -11"><span class='ocrx_word' id='word_1_21' title='bbox 185 288 290 321; x_wconf 81' lang='lat' dir='ltr'>cimus</span> <span class='ocrx_word' id='word_1_22' title='bbox 322 289 574 323; x_wconf 73' lang='lat' dir='ltr'>rationabilium</span> <span class='ocrx_word' id='word_1_23' title='bbox 601 291 805 331; x_wconf 85' lang='lat' dir='ltr'>animarum,</span> <span class='ocrx_word' id='word_1_24' title='bbox 829 291 916 323; x_wconf 88' lang='lat' dir='ltr'>sicut</span> <span class='ocrx_word' id='word_1_25' title='bbox 940 303 1004 322; x_wconf 84' lang='lat' dir='ltr'>una</span> <span class='ocrx_word' id='word_1_26' title='bbox 1031 290 1093 322; x_wconf 84' lang='lat' dir='ltr'>luti</span> <span class='ocrx_word' id='word_1_27' title='bbox 1117 303 1223 323; x_wconf 81' lang='lat' dir='ltr'>massa</span> <span class='ocrx_word' id='word_1_28' title='bbox 1246 292 1325 323; x_wconf 87' lang='lat' dir='ltr'>sub-</span> 
     </span>
     <span class='ocr_line' id='line_1_5' title="bbox 185 349 1324 394; baseline 0.001 -12"><span class='ocrx_word' id='word_1_29' title='bbox 185 349 294 394; x_wconf 87' lang='lat' dir='ltr'>jacere</span> <span class='ocrx_word' id='word_1_30' title='bbox 327 351 432 392; x_wconf 83' lang='lat' dir='ltr'>figulo</span> <span class='ocrx_word' id='word_1_31' title='bbox 465 352 665 394; x_wconf 82' lang='lat' dir='ltr'>designatur.</span> <span class='ocrx_word' id='word_1_32' title='bbox 715 353 802 385; x_wconf 89' lang='lat' dir='ltr'>Cum</span> <span class='ocrx_word' id='word_1_33' title='bbox 829 365 907 394; x_wconf 86' lang='lat' dir='ltr'>ergo</span> <span class='ocrx_word' id='word_1_34' title='bbox 932 364 997 383; x_wconf 85' lang='lat' dir='ltr'>uua</span> <span class='ocrx_word' id='word_1_35' title='bbox 1023 351 1177 383; x_wconf 88' lang='lat' dir='ltr'>omnium</span> <span class='ocrx_word' id='word_1_36' title='bbox 1201 351 1244 384; x_wconf 86' lang='lat' dir='ltr'>sit</span> <span class='ocrx_word' id='word_1_37' title='bbox 1267 363 1324 383; x_wconf 83' lang='lat' dir='ltr'>na—</span> 
     </span>
     <span class='ocr_line' id='line_1_6' title="bbox 185 412 1325 457; baseline 0 -14"><span class='ocrx_word' id='word_1_38' title='bbox 185 421 260 444; x_wconf 79' lang='lat' dir='ltr'>tura</span> <span class='ocrx_word' id='word_1_39' title='bbox 290 412 541 445; x_wconf 67' lang='lat' dir='ltr'>rationabilium</span> <span class='ocrx_word' id='word_1_40' title='bbox 576 423 821 453; x_wconf 82' lang='lat' dir='ltr'>creaturarum,</span> <span class='ocrx_word' id='word_1_41' title='bbox 854 426 892 445; x_wconf 88' lang='lat' dir='ltr'>ex</span> <span class='ocrx_word' id='word_1_42' title='bbox 928 413 998 457; x_wconf 82' lang='lat' dir='ltr'>ipsa</span> <span class='ocrx_word' id='word_1_43' title='bbox 1021 413 1116 444; x_wconf 80' lang='lat' dir='ltr'>Deus</span> <span class='ocrx_word' id='word_1_44' title='bbox 1139 413 1325 444; x_wconf 85' lang='lat' dir='ltr'>secundum</span> 
     </span>
     <span class='ocr_line' id='line_1_7' title="bbox 185 473 1327 516; baseline 0 -12"><span class='ocrx_word' id='word_1_45' title='bbox 185 474 427 516; x_wconf 84' lang='lat' dir='ltr'><strong>praecedentes</strong></span> <span class='ocrx_word' id='word_1_46' title='bbox 451 474 653 507; x_wconf 88' lang='lat' dir='ltr'>meritorum</span> <span class='ocrx_word' id='word_1_47' title='bbox 679 488 809 514; x_wconf 84' lang='lat' dir='ltr'>causas,</span> <span class='ocrx_word' id='word_1_48' title='bbox 841 474 930 506; x_wconf 86' lang='lat' dir='ltr'>sicut</span> <span class='ocrx_word' id='word_1_49' title='bbox 961 487 999 505; x_wconf 82' lang='lat' dir='ltr'>ex</span> <span class='ocrx_word' id='word_1_50' title='bbox 1024 486 1089 505; x_wconf 87' lang='lat' dir='ltr'>una</span> <span class='ocrx_word' id='word_1_51' title='bbox 1114 485 1220 505; x_wconf 82' lang='lat' dir='ltr'>massa</span> <span class='ocrx_word' id='word_1_52' title='bbox 1245 473 1327 514; x_wconf 78' lang='lat' dir='ltr'>sigu-</span> 
     </span>
     <span class='ocr_line' id='line_1_8' title="bbox 186 533 1327 580; baseline 0.001 -15"><span class='ocrx_word' id='word_1_53' title='bbox 186 534 249 572; x_wconf 85' lang='lat' dir='ltr'>lus,</span> <span class='ocrx_word' id='word_1_54' title='bbox 274 535 401 567; x_wconf 84' lang='lat' dir='ltr'>creavit</span> <span class='ocrx_word' id='word_1_55' title='bbox 425 544 458 567; x_wconf 89' lang='lat' dir='ltr'>et</span> <span class='ocrx_word' id='word_1_56' title='bbox 481 536 660 580; x_wconf 73' lang='lat' dir='ltr'>plasmavit</span> <span class='ocrx_word' id='word_1_57' title='bbox 683 536 769 569; x_wconf 80' lang='lat' dir='ltr'>alios</span> <span class='ocrx_word' id='word_1_58' title='bbox 793 536 932 580; x_wconf 89' lang='lat' dir='ltr'>quidem</span> <span class='ocrx_word' id='word_1_59' title='bbox 956 536 998 567; x_wconf 82' lang='lat' dir='ltr'>ad</span> <span class='ocrx_word' id='word_1_60' title='bbox 1024 536 1210 573; x_wconf 81' lang='lat' dir='ltr'>honorem,</span> <span class='ocrx_word' id='word_1_61' title='bbox 1243 533 1327 566; x_wconf 87' lang='lat' dir='ltr'>alios</span> 
     </span>
     <span class='ocr_line' id='line_1_9' title="bbox 186 595 1329 640; baseline 0 -13"><span class='ocrx_word' id='word_1_62' title='bbox 186 604 299 627; x_wconf 87' lang='lat' dir='ltr'>autem</span> <span class='ocrx_word' id='word_1_63' title='bbox 323 596 365 628; x_wconf 84' lang='lat' dir='ltr'>ad</span> <span class='ocrx_word' id='word_1_64' title='bbox 391 597 643 630; x_wconf 83' lang='lat' dir='ltr'>contumeliam.</span> <span class='ocrx_word' id='word_1_65' title='bbox 691 596 798 640; x_wconf 85' lang='lat' dir='ltr'>Quod</span> <span class='ocrx_word' id='word_1_66' title='bbox 825 608 904 627; x_wconf 88' lang='lat' dir='ltr'>vero</span> <span class='ocrx_word' id='word_1_67' title='bbox 931 595 1024 626; x_wconf 84' lang='lat' dir='ltr'>velut</span> <span class='ocrx_word' id='word_1_68' title='bbox 1049 595 1253 639; x_wconf 84' lang='lat' dir='ltr'>increpantis</span> <span class='ocrx_word' id='word_1_69' title='bbox 1278 604 1329 627; x_wconf 87' lang='lat' dir='ltr'>est</span> 
     </span>
     <span class='ocr_line' id='line_1_10' title="bbox 187 656 1325 701; baseline 0.001 -14"><span class='ocrx_word' id='word_1_70' title='bbox 187 656 338 700; x_wconf 86' lang='lat' dir='ltr'>apostoli</span> <span class='ocrx_word' id='word_1_71' title='bbox 365 670 496 697; x_wconf 88' lang='lat' dir='ltr'>sermo,</span> <span class='ocrx_word' id='word_1_72' title='bbox 526 658 672 701; x_wconf 88' lang='lat' dir='ltr'><strong>quem¹)</strong></span> <span class='ocrx_word' id='word_1_73' title='bbox 709 657 806 690; x_wconf 83' lang='lat' dir='ltr'>dicit:</span> <span class='ocrx_word' id='word_1_74' title='bbox 847 657 900 697; x_wconf 90' lang='lat' dir='ltr'>„O</span> <span class='ocrx_word' id='word_1_75' title='bbox 914 657 946 699; x_wconf 83' lang='lat'>²)</span> <span class='ocrx_word' id='word_1_76' title='bbox 975 657 1079 688; x_wconf 77' lang='lat' dir='ltr'>homo</span> <span class='ocrx_word' id='word_1_77' title='bbox 1110 666 1147 688; x_wconf 86' lang='lat' dir='ltr'>tu</span> <span class='ocrx_word' id='word_1_78' title='bbox 1179 656 1253 700; x_wconf 88' lang='lat' dir='ltr'>quis</span> <span class='ocrx_word' id='word_1_79' title='bbox 1279 669 1325 699; x_wconf 81' lang='lat' dir='ltr'>es,</span> 
     </span>
     <span class='ocr_line' id='line_1_11' title="bbox 187 716 1327 762; baseline 0 -14"><span class='ocrx_word' id='word_1_80' title='bbox 187 716 244 760; x_wconf 90' lang='lat' dir='ltr'>qui</span> <span class='ocrx_word' id='word_1_81' title='bbox 269 727 385 750; x_wconf 85' lang='lat' dir='ltr'>contra</span> <span class='ocrx_word' id='word_1_82' title='bbox 409 720 614 762; x_wconf 82' lang='lat' dir='ltr'><strong>respondeas</strong></span> <span class='ocrx_word' id='word_1_83' title='bbox 631 718 762 751; x_wconf 86' lang='lat' dir='ltr'><strong>Deo?«</strong></span> <span class='ocrx_word' id='word_1_84' title='bbox 791 727 874 762; x_wconf 86' lang='lat' dir='ltr'>puto</span> <span class='ocrx_word' id='word_1_85' title='bbox 893 717 979 749; x_wconf 90' lang='lat' dir='ltr'>illud</span> <span class='ocrx_word' id='word_1_86' title='bbox 999 729 1080 756; x_wconf 83' lang='lat' dir='ltr'>esse,</span> <span class='ocrx_word' id='word_1_87' title='bbox 1105 717 1198 760; x_wconf 89' lang='lat' dir='ltr'>quod</span> <span class='ocrx_word' id='word_1_88' title='bbox 1217 725 1327 748; x_wconf 81' lang='lat' dir='ltr'>osten-</span> 
     </span>
     <span class='ocr_line' id='line_1_12' title="bbox 187 776 1327 823; baseline 0 -14"><span class='ocrx_word' id='word_1_89' title='bbox 187 777 237 810; x_wconf 87' lang='lat' dir='ltr'>dit</span> <span class='ocrx_word' id='word_1_90' title='bbox 261 791 300 810; x_wconf 86' lang='lat' dir='ltr'>ex</span> <span class='ocrx_word' id='word_1_91' title='bbox 323 779 399 820; x_wconf 89' lang='lat' dir='ltr'>hoc,</span> <span class='ocrx_word' id='word_1_92' title='bbox 425 779 584 823; x_wconf 79' lang='lat' dir='ltr'>quoniam</span> <span class='ocrx_word' id='word_1_93' title='bbox 599 780 631 823; x_wconf 82' lang='lat'>³)</span> <span class='ocrx_word' id='word_1_94' title='bbox 658 781 699 812; x_wconf 86' lang='lat' dir='ltr'>ad</span> <span class='ocrx_word' id='word_1_95' title='bbox 724 780 862 811; x_wconf 83' lang='lat' dir='ltr'><strong>fidelem</strong></span> <span class='ocrx_word' id='word_1_96' title='bbox 888 791 1058 822; x_wconf 84' lang='lat' dir='ltr'><strong>quemque</strong></span> <span class='ocrx_word' id='word_1_97' title='bbox 1082 786 1173 809; x_wconf 82' lang='lat' dir='ltr'>recte</span> <span class='ocrx_word' id='word_1_98' title='bbox 1191 786 1223 809; x_wconf 93' lang='lat' dir='ltr'>et</span> <span class='ocrx_word' id='word_1_99' title='bbox 1242 776 1327 820; x_wconf 71' lang='lat' dir='ltr'>juste</span> 
     </span>
     <span class='ocr_line' id='line_1_13' title="bbox 186 837 1329 883; baseline -0.001 -13"><span class='ocrx_word' id='word_1_100' title='bbox 186 837 377 879; x_wconf 85' lang='lat' dir='ltr'>viventem,</span> <span class='ocrx_word' id='word_1_101' title='bbox 403 849 436 872; x_wconf 86' lang='lat' dir='ltr'>et</span> <span class='ocrx_word' id='word_1_102' title='bbox 460 841 638 873; x_wconf 81' lang='lat' dir='ltr'><strong>habentem</strong></span> <span class='ocrx_word' id='word_1_103' title='bbox 663 839 823 873; x_wconf 85' lang='lat' dir='ltr'>fiduciam</span> <span class='ocrx_word' id='word_1_104' title='bbox 847 840 937 883; x_wconf 83' lang='lat' dir='ltr'>apud</span> <span class='ocrx_word' id='word_1_105' title='bbox 963 840 1094 878; x_wconf 88' lang='lat' dir='ltr'>Deum,</span> <span class='ocrx_word' id='word_1_106' title='bbox 1119 838 1195 870; x_wconf 84' lang='lat' dir='ltr'>talis</span> <span class='ocrx_word' id='word_1_107' title='bbox 1220 838 1329 870; x_wconf 89' lang='lat' dir='ltr'>incre-</span> 
     </span>
     <span class='ocr_line' id='line_1_14' title="bbox 188 897 1329 944; baseline -0.001 -13"><span class='ocrx_word' id='word_1_108' title='bbox 188 900 281 942; x_wconf 83' lang='lat' dir='ltr'>patio</span> <span class='ocrx_word' id='word_1_109' title='bbox 306 900 424 943; x_wconf 59' lang='lat' dir='ltr'>non‘)</span> <span class='ocrx_word' id='word_1_110' title='bbox 449 902 612 940; x_wconf 82' lang='lat' dir='ltr'>refertur,</span> <span class='ocrx_word' id='word_1_111' title='bbox 628 904 631 905; x_wconf 47' lang='lat'><em>⁷</em></span> <span class='ocrx_word' id='word_1_112' title='bbox 648 901 683 933; x_wconf 87' lang='lat' dir='ltr'>id</span> <span class='ocrx_word' id='word_1_113' title='bbox 709 910 774 939; x_wconf 90' lang='lat' dir='ltr'>est,</span> <span class='ocrx_word' id='word_1_114' title='bbox 812 902 855 933; x_wconf 81' lang='lat' dir='ltr'>ad</span> <span class='ocrx_word' id='word_1_115' title='bbox 885 901 987 932; x_wconf 87' lang='lat' dir='ltr'>talem</span> <span class='ocrx_word' id='word_1_116' title='bbox 1017 900 1182 944; x_wconf 81' lang='lat' dir='ltr'>aliquem,</span> <span class='ocrx_word' id='word_1_117' title='bbox 1220 897 1329 943; x_wconf 84' lang='lat' dir='ltr'>qualis</span> 
     </span>
     <span class='ocr_line' id='line_1_15' title="bbox 187 960 1329 1005; baseline 0 -14"><span class='ocrx_word' id='word_1_118' title='bbox 187 969 260 991; x_wconf 81' lang='lat' dir='ltr'>erat</span> <span class='ocrx_word' id='word_1_119' title='bbox 283 960 398 992; x_wconf 87' lang='lat' dir='ltr'>Moses</span> <span class='ocrx_word' id='word_1_120' title='bbox 427 961 504 1000; x_wconf 86' lang='lat' dir='ltr'>ille,</span> <span class='ocrx_word' id='word_1_121' title='bbox 539 963 581 993; x_wconf 87' lang='lat' dir='ltr'><strong>de</strong></span> <span class='ocrx_word' id='word_1_122' title='bbox 614 975 682 1005; x_wconf 88' lang='lat' dir='ltr'>quo</span> <span class='ocrx_word' id='word_1_123' title='bbox 709 961 792 993; x_wconf 89' lang='lat' dir='ltr'>dicit</span> <span class='ocrx_word' id='word_1_124' title='bbox 818 961 1010 1004; x_wconf 79' lang='lat' dir='ltr'>Scriptura,</span> <span class='ocrx_word' id='word_1_125' title='bbox 1042 960 1166 1004; x_wconf 82' lang='lat' dir='ltr'>quia⁵)</span> <span class='ocrx_word' id='word_1_126' title='bbox 1194 960 1329 1000; x_wconf 84' lang='lat' dir='ltr'>„Moses</span> 
     </span>
     <span class='ocr_line' id='line_1_16' title="bbox 188 1020 1331 1067; baseline 0 -15"><span class='ocrx_word' id='word_1_127' title='bbox 188 1020 412 1064; x_wconf 77' lang='lat' dir='ltr'>loquebatur,</span> <span class='ocrx_word' id='word_1_128' title='bbox 440 1023 534 1055; x_wconf 88' lang='lat' dir='ltr'>Deus</span> <span class='ocrx_word' id='word_1_129' title='bbox 567 1031 679 1054; x_wconf 86' lang='lat' dir='ltr'>autem</span> <span class='ocrx_word' id='word_1_130' title='bbox 710 1023 938 1067; x_wconf 87' lang='lat' dir='ltr'>respondebat</span> <span class='ocrx_word' id='word_1_131' title='bbox 970 1022 1001 1054; x_wconf 84' lang='lat' dir='ltr'>ei</span> <span class='ocrx_word' id='word_1_132' title='bbox 1026 1034 1102 1054; x_wconf 89' lang='lat' dir='ltr'>cum</span> <span class='ocrx_word' id='word_1_133' title='bbox 1127 1024 1257 1062; x_wconf 80' lang='lat' dir='ltr'><strong>voee;“</strong></span> <span class='ocrx_word' id='word_1_134' title='bbox 1298 1030 1331 1052; x_wconf 85' lang='lat' dir='ltr'>et</span> 
     </span>
     <span class='ocr_line' id='line_1_17' title="bbox 188 1081 1331 1128; baseline -0.002 -13"><span class='ocrx_word' id='word_1_135' title='bbox 188 1081 275 1115; x_wconf 84' lang='lat' dir='ltr'>sicut</span> <span class='ocrx_word' id='word_1_136' title='bbox 305 1084 534 1126; x_wconf 81' lang='lat' dir='ltr'>respondebat</span> <span class='ocrx_word' id='word_1_137' title='bbox 557 1084 650 1116; x_wconf 84' lang='lat' dir='ltr'>Deus</span> <span class='ocrx_word' id='word_1_138' title='bbox 663 1085 696 1128; x_wconf 75' lang='grc'>6)</span> <span class='ocrx_word' id='word_1_139' title='bbox 724 1083 833 1122; x_wconf 87' lang='lat' dir='ltr'>Mosi,</span> <span class='ocrx_word' id='word_1_140' title='bbox 864 1083 910 1115; x_wconf 82' lang='lat' dir='ltr'>ita</span> <span class='ocrx_word' id='word_1_141' title='bbox 934 1082 1120 1126; x_wconf 86' lang='lat' dir='ltr'><strong>respondet</strong></span> <span class='ocrx_word' id='word_1_142' title='bbox 1144 1091 1178 1114; x_wconf 87' lang='lat' dir='ltr'>et</span> <span class='ocrx_word' id='word_1_143' title='bbox 1200 1091 1331 1121; x_wconf 22' lang='lat' dir='ltr'>san-ctus</span> 
     </span>
     <span class='ocr_line' id='line_1_18' title="bbox 190 1143 1331 1188; baseline 0 -14"><span class='ocrx_word' id='word_1_144' title='bbox 190 1143 332 1187; x_wconf 86' lang='lat' dir='ltr'>quisque</span> <span class='ocrx_word' id='word_1_145' title='bbox 363 1145 451 1177; x_wconf 89' lang='lat' dir='ltr'><strong>Deo.</strong></span> <span class='ocrx_word' id='word_1_146' title='bbox 501 1144 571 1187; x_wconf 85' lang='lat' dir='ltr'>Qui</span> <span class='ocrx_word' id='word_1_147' title='bbox 610 1157 689 1176; x_wconf 88' lang='lat' dir='ltr'>vero</span> <span class='ocrx_word' id='word_1_148' title='bbox 729 1144 876 1177; x_wconf 85' lang='lat' dir='ltr'>infidelis</span> <span class='ocrx_word' id='word_1_149' title='bbox 917 1153 983 1185; x_wconf 86' lang='lat' dir='ltr'>est,</span> <span class='ocrx_word' id='word_1_150' title='bbox 1024 1153 1057 1176; x_wconf 86' lang='lat' dir='ltr'>et</span> <span class='ocrx_word' id='word_1_151' title='bbox 1095 1144 1208 1188; x_wconf 83' lang='lat' dir='ltr'>perdit</span> <span class='ocrx_word' id='word_1_152' title='bbox 1239 1143 1331 1186; x_wconf 82' lang='lat' dir='ltr'>apud</span> 
     </span>
     <span class='ocr_line' id='line_1_19' title="bbox 190 1203 1332 1248; baseline -0.001 -12"><span class='ocrx_word' id='word_1_153' title='bbox 190 1204 303 1236; x_wconf 89' lang='lat' dir='ltr'><strong>Deum</strong></span> <span class='ocrx_word' id='word_1_154' title='bbox 329 1205 487 1237; x_wconf 80' lang='lat' dir='ltr'>fiduciam</span> <span class='ocrx_word' id='word_1_155' title='bbox 511 1205 743 1248; x_wconf 82' lang='lat' dir='ltr'>respondendi</span> <span class='ocrx_word' id='word_1_156' title='bbox 767 1205 854 1237; x_wconf 87' lang='lat' dir='ltr'>vitae</span> <span class='ocrx_word' id='word_1_157' title='bbox 878 1219 975 1247; x_wconf 85' lang='lat' dir='ltr'>suae,</span> <span class='ocrx_word' id='word_1_158' title='bbox 1008 1214 1041 1237; x_wconf 92' lang='lat' dir='ltr'>et</span> <span class='ocrx_word' id='word_1_159' title='bbox 1066 1203 1332 1237; x_wconf 82' lang='lat' dir='ltr'>conversationis</span> 
     </span>
     <span class='ocr_line' id='line_1_20' title="bbox 190 1264 1334 1311; baseline -0.001 -14"><span class='ocrx_word' id='word_1_160' title='bbox 190 1264 408 1307; x_wconf 84' lang='lat' dir='ltr'>indignitate,</span> <span class='ocrx_word' id='word_1_161' title='bbox 440 1266 565 1311; x_wconf 87' lang='lat' dir='ltr'>quique</span> <span class='ocrx_word' id='word_1_162' title='bbox 591 1267 632 1298; x_wconf 88' lang='lat' dir='ltr'><strong>de</strong></span> <span class='ocrx_word' id='word_1_163' title='bbox 658 1266 707 1299; x_wconf 73' lang='lat' dir='ltr'>his</span> <span class='ocrx_word' id='word_1_164' title='bbox 730 1279 799 1298; x_wconf 91' lang='lat' dir='ltr'>non</span> <span class='ocrx_word' id='word_1_165' title='bbox 824 1267 903 1299; x_wconf 90' lang='lat' dir='ltr'>ideo</span> <span class='ocrx_word' id='word_1_166' title='bbox 930 1266 1078 1311; x_wconf 87' lang='lat' dir='ltr'>quaerit,</span> <span class='ocrx_word' id='word_1_167' title='bbox 1109 1275 1147 1298; x_wconf 90' lang='lat' dir='ltr'>ut</span> <span class='ocrx_word' id='word_1_168' title='bbox 1171 1265 1275 1298; x_wconf 81' lang='lat' dir='ltr'>discat</span> <span class='ocrx_word' id='word_1_169' title='bbox 1300 1274 1334 1297; x_wconf 89' lang='lat' dir='ltr'>et</span> 
     </span>
     <span class='ocr_line' id='line_1_21' title="bbox 192 1326 1333 1369; baseline 0 -12"><span class='ocrx_word' id='word_1_170' title='bbox 192 1327 366 1369; x_wconf 80' lang='lat' dir='ltr'>proficiat,</span> <span class='ocrx_word' id='word_1_171' title='bbox 398 1328 458 1359; x_wconf 93' lang='lat' dir='ltr'>sed</span> <span class='ocrx_word' id='word_1_172' title='bbox 483 1337 521 1359; x_wconf 92' lang='lat' dir='ltr'>ut</span> <span class='ocrx_word' id='word_1_173' title='bbox 552 1328 738 1359; x_wconf 82' lang='lat' dir='ltr'>contendat</span> <span class='ocrx_word' id='word_1_174' title='bbox 769 1337 801 1359; x_wconf 85' lang='lat' dir='ltr'><strong>et</strong></span> <span class='ocrx_word' id='word_1_175' title='bbox 825 1327 974 1366; x_wconf 82' lang='lat' dir='ltr'>resistat,</span> <span class='ocrx_word' id='word_1_176' title='bbox 1009 1337 1041 1359; x_wconf 89' lang='lat' dir='ltr'>et</span> <span class='ocrx_word' id='word_1_177' title='bbox 1063 1336 1101 1359; x_wconf 91' lang='lat' dir='ltr'>ut</span> <span class='ocrx_word' id='word_1_178' title='bbox 1125 1326 1333 1358; x_wconf 87' lang='lat' dir='ltr'>manifestius</span> 
     </span>
     <span class='ocr_line' id='line_1_22' title="bbox 194 1386 1328 1432; baseline 0 -14"><span class='ocrx_word' id='word_1_179' title='bbox 194 1386 322 1426; x_wconf 86' lang='lat' dir='ltr'>dicam,</span> <span class='ocrx_word' id='word_1_180' title='bbox 348 1387 406 1431; x_wconf 84' lang='lat' dir='ltr'>qui</span> <span class='ocrx_word' id='word_1_181' title='bbox 431 1388 506 1420; x_wconf 83' lang='lat' dir='ltr'>talis</span> <span class='ocrx_word' id='word_1_182' title='bbox 532 1398 597 1427; x_wconf 87' lang='lat' dir='ltr'>est,</span> <span class='ocrx_word' id='word_1_183' title='bbox 624 1388 680 1431; x_wconf 88' lang='lat' dir='ltr'>qui</span> <span class='ocrx_word' id='word_1_184' title='bbox 707 1389 788 1420; x_wconf 79' lang='lat' dir='ltr'>haec</span> <span class='ocrx_word' id='word_1_185' title='bbox 812 1388 919 1431; x_wconf 84' lang='lat' dir='ltr'>possit</span> <span class='ocrx_word' id='word_1_186' title='bbox 944 1387 1075 1427; x_wconf 85' lang='lat' dir='ltr'>dicere,</span> <span class='ocrx_word' id='word_1_187' title='bbox 1098 1400 1184 1432; x_wconf 85' lang='lat' dir='ltr'>quae</span> <span class='ocrx_word' id='word_1_188' title='bbox 1208 1386 1328 1428; x_wconf 85' lang='lat' dir='ltr'>signifi-</span> 
     </span>
     <span class='ocr_line' id='line_1_23' title="bbox 195 1447 1334 1492; baseline -0.001 -13"><span class='ocrx_word' id='word_1_189' title='bbox 195 1457 247 1480; x_wconf 89' lang='lat' dir='ltr'>cat</span> <span class='ocrx_word' id='word_1_190' title='bbox 271 1449 465 1492; x_wconf 81' lang='lat' dir='ltr'>apostolus,</span> <span class='ocrx_word' id='word_1_191' title='bbox 490 1449 617 1481; x_wconf 81' lang='lat' dir='ltr'>dicens:</span> <span class='ocrx_word' id='word_1_192' title='bbox 661 1448 777 1491; x_wconf 83' lang='lat' dir='ltr'>„Quid</span> <span class='ocrx_word' id='word_1_193' title='bbox 794 1450 827 1492; x_wconf 87' lang='lat'>⁷)</span> <span class='ocrx_word' id='word_1_194' title='bbox 853 1462 931 1489; x_wconf 82' lang='lat' dir='ltr'>ergo</span> <span class='ocrx_word' id='word_1_195' title='bbox 957 1450 1065 1481; x_wconf 88' lang='lat' dir='ltr'>adhuc</span> <span class='ocrx_word' id='word_1_196' title='bbox 1090 1447 1334 1492; x_wconf 85' lang='lat' dir='ltr'>conqueritur?</span> 
     </span>
     <span class='ocr_line' id='line_1_24' title="bbox 195 1509 1334 1555; baseline 0 -16"><span class='ocrx_word' id='word_1_197' title='bbox 195 1509 372 1541; x_wconf 78' lang='lat' dir='ltr'>Voluntati</span> <span class='ocrx_word' id='word_1_198' title='bbox 404 1509 492 1542; x_wconf 87' lang='lat' dir='ltr'>enim</span> <span class='ocrx_word' id='word_1_199' title='bbox 520 1509 590 1555; x_wconf 82' lang='lat' dir='ltr'>ejus</span> <span class='ocrx_word' id='word_1_200' title='bbox 615 1510 688 1554; x_wconf 88' lang='lat' dir='ltr'>quis</span> <span class='ocrx_word' id='word_1_201' title='bbox 713 1509 892 1543; x_wconf 80' lang='lat' dir='ltr'>resistet?“</span> <span class='ocrx_word' id='word_1_202' title='bbox 930 1510 972 1541; x_wconf 88' lang='lat' dir='ltr'>ad</span> <span class='ocrx_word' id='word_1_203' title='bbox 997 1510 1086 1542; x_wconf 83' lang='lat' dir='ltr'>hunc</span> <span class='ocrx_word' id='word_1_204' title='bbox 1110 1518 1202 1541; x_wconf 79' lang='lat' dir='ltr'>recte</span> <span class='ocrx_word' id='word_1_205' title='bbox 1225 1509 1334 1541; x_wconf 84' lang='lat' dir='ltr'>incre-</span> 
     </span>
     <span class='ocr_line' id='line_1_25' title="bbox 193 1570 1336 1615; baseline -0.001 -13"><span class='ocrx_word' id='word_1_206' title='bbox 193 1570 288 1613; x_wconf 83' lang='lat' dir='ltr'>patio</span> <span class='ocrx_word' id='word_1_207' title='bbox 313 1570 375 1603; x_wconf 80' lang='lat' dir='ltr'>ista</span> <span class='ocrx_word' id='word_1_208' title='bbox 399 1571 564 1613; x_wconf 83' lang='lat' dir='ltr'>dirigitur,</span> <span class='ocrx_word' id='word_1_209' title='bbox 589 1584 689 1615; x_wconf 88' lang='lat' dir='ltr'>quam</span> <span class='ocrx_word' id='word_1_210' title='bbox 713 1570 797 1602; x_wconf 86' lang='lat' dir='ltr'>dicit</span> <span class='ocrx_word' id='word_1_211' title='bbox 821 1571 1013 1614; x_wconf 83' lang='lat' dir='ltr'>apostolus:</span> <span class='ocrx_word' id='word_1_212' title='bbox 1039 1570 1092 1611; x_wconf 90' lang='lat' dir='ltr'>„O</span> <span class='ocrx_word' id='word_1_213' title='bbox 1107 1570 1142 1614; x_wconf 86' lang='grc'>8)</span> <span class='ocrx_word' id='word_1_214' title='bbox 1168 1570 1273 1602; x_wconf 85' lang='lat' dir='ltr'>homo</span> <span class='ocrx_word' id='word_1_215' title='bbox 1298 1578 1336 1602; x_wconf 91' lang='lat' dir='ltr'>tu</span> 
     </span>
    </p>
   </div>
   <div class='ocr_carea' id='block_1_3' title="bbox 197 1630 1334 1676">
    <p class='ocr_par' dir='ltr' id='par_1_3' title="bbox 197 1630 1334 1676">
     <span class='ocr_line' id='line_1_26' title="bbox 197 1630 1334 1676; baseline 0 -13"><span class='ocrx_word' id='word_1_216' title='bbox 197 1631 269 1675; x_wconf 88' lang='lat' dir='ltr'>quis</span> <span class='ocrx_word' id='word_1_217' title='bbox 295 1644 348 1674; x_wconf 79' lang='lat' dir='ltr'>es,</span> <span class='ocrx_word' id='word_1_218' title='bbox 382 1632 439 1676; x_wconf 82' lang='lat' dir='ltr'>qui</span> <span class='ocrx_word' id='word_1_219' title='bbox 474 1642 590 1665; x_wconf 82' lang='lat' dir='ltr'>contra</span> <span class='ocrx_word' id='word_1_220' title='bbox 622 1632 827 1676; x_wconf 86' lang='lat' dir='ltr'>respondeas</span> <span class='ocrx_word' id='word_1_221' title='bbox 850 1631 980 1665; x_wconf 79' lang='lat' dir='ltr'><strong>Deo?“</strong></span> <span class='ocrx_word' id='word_1_222' title='bbox 1022 1632 1082 1664; x_wconf 79' lang='lat' dir='ltr'>Est</span> <span class='ocrx_word' id='word_1_223' title='bbox 1114 1643 1194 1673; x_wconf 84' lang='lat' dir='ltr'>ergo</span> <span class='ocrx_word' id='word_1_224' title='bbox 1225 1630 1334 1664; x_wconf 85' lang='lat' dir='ltr'>incre-</span> 
     </span>
    </p>
   </div>
   <div class='ocr_carea' id='block_1_4' title="bbox 291 1813 1336 2024">
    <p class='ocr_par' dir='ltr' id='par_1_4' title="bbox 291 1813 1297 1913">
     <span class='ocr_line' id='line_1_27' title="bbox 296 1813 1297 1858; baseline -0.002 -12"><span class='ocrx_word' id='word_1_225' title='bbox 296 1816 326 1856; x_wconf 86' lang='lat'>&#39;)</span> <span class='ocrx_word' id='word_1_226' title='bbox 351 1815 409 1847; x_wconf 87' lang='lat' dir='ltr'>Sic</span> <span class='ocrx_word' id='word_1_227' title='bbox 434 1815 514 1848; x_wconf 84' lang='lat' dir='ltr'>Mss.</span> <span class='ocrx_word' id='word_1_228' title='bbox 541 1814 631 1847; x_wconf 79' lang='lat' dir='ltr'>Alias</span> <span class='ocrx_word' id='word_1_229' title='bbox 658 1815 704 1858; x_wconf 87' lang='lat' dir='ltr'>(v.</span> <span class='ocrx_word' id='word_1_230' title='bbox 730 1827 756 1847; x_wconf 88' lang='lat' dir='ltr'>c.</span> <span class='ocrx_word' id='word_1_231' title='bbox 781 1814 815 1846; x_wconf 88' lang='lat' dir='ltr'>in</span> <span class='ocrx_word' id='word_1_232' title='bbox 841 1814 918 1848; x_wconf 83' lang='lat' dir='ltr'><strong>edd.</strong></span> <span class='ocrx_word' id='word_1_233' title='bbox 947 1813 1013 1857; x_wconf 87' lang='lat' dir='ltr'>M.)</span> <span class='ocrx_word' id='word_1_234' title='bbox 1040 1813 1230 1857; x_wconf 80' lang='lat' dir='ltr'>„quando.“</span> <span class='ocrx_word' id='word_1_235' title='bbox 1258 1813 1297 1845; x_wconf 73' lang='lat' dir='ltr'>R.</span> 
     </span>
     <span class='ocr_line' id='line_1_28' title="bbox 291 1870 868 1913; baseline 0.005 -12"><span class='ocrx_word' id='word_1_236' title='bbox 291 1871 325 1913; x_wconf 84' lang='lat'>²)</span> <span class='ocrx_word' id='word_1_237' title='bbox 351 1871 451 1904; x_wconf 86' lang='lat' dir='ltr'>Rom.</span> <span class='ocrx_word' id='word_1_238' title='bbox 481 1870 538 1909; x_wconf 81' lang='lat' dir='ltr'>IX,</span> <span class='ocrx_word' id='word_1_239' title='bbox 563 1870 615 1904; x_wconf 85' lang='lat'>20.</span> <span class='ocrx_word' id='word_1_240' title='bbox 865 1887 868 1891; x_wconf 72' lang='lat'><strong><em>¹</em></strong></span> 
     </span>
    </p>

    <p class='ocr_par' dir='ltr' id='par_1_5' title="bbox 292 1926 733 1970">
     <span class='ocr_line' id='line_1_29' title="bbox 292 1926 733 1970; baseline -0.005 -12"><span class='ocrx_word' id='word_1_241' title='bbox 292 1926 327 1968; x_wconf 83' lang='grc'>3)</span> <span class='ocrx_word' id='word_1_242' title='bbox 352 1926 416 1959; x_wconf 87' lang='lat' dir='ltr'>Ed.</span> <span class='ocrx_word' id='word_1_243' title='bbox 441 1926 488 1958; x_wconf 86' lang='lat' dir='ltr'>M.</span> <span class='ocrx_word' id='word_1_244' title='bbox 514 1927 558 1958; x_wconf 87' lang='grc' dir='ltr'>ΙΙ.</span> <span class='ocrx_word' id='word_1_245' title='bbox 587 1926 733 1970; x_wconf 87' lang='lat' dir='ltr'>»quod.«</span> 
     </span>
    </p>

    <p class='ocr_par' dir='ltr' id='par_1_6' title="bbox 295 1978 1336 2024">
     <span class='ocr_line' id='line_1_30' title="bbox 295 1978 1336 2024; baseline -0.005 -11"><span class='ocrx_word' id='word_1_246' title='bbox 295 1980 328 2022; x_wconf 75' lang='lat'>⁴)</span> <span class='ocrx_word' id='word_1_247' title='bbox 353 1981 409 2013; x_wconf 89' lang='lat' dir='ltr'>Sic</span> <span class='ocrx_word' id='word_1_248' title='bbox 434 1982 516 2015; x_wconf 73' lang='lat' dir='ltr'>Mss.</span> <span class='ocrx_word' id='word_1_249' title='bbox 541 1981 635 2013; x_wconf 84' lang='lat' dir='ltr'>Libri</span> <span class='ocrx_word' id='word_1_250' title='bbox 666 1980 747 2013; x_wconf 85' lang='lat' dir='ltr'>editi</span> <span class='ocrx_word' id='word_1_251' title='bbox 782 1979 826 2022; x_wconf 92' lang='lat' dir='ltr'>(v.</span> <span class='ocrx_word' id='word_1_252' title='bbox 852 1993 880 2012; x_wconf 91' lang='lat' dir='ltr'>c.</span> <span class='ocrx_word' id='word_1_253' title='bbox 906 1980 983 2013; x_wconf 84' lang='lat' dir='ltr'>edd.</span> <span class='ocrx_word' id='word_1_254' title='bbox 1008 1978 1076 2024; x_wconf 89' lang='lat' dir='ltr'>M.)</span> <span class='ocrx_word' id='word_1_255' title='bbox 1110 1990 1198 2019; x_wconf 87' lang='lat' dir='ltr'>„non</span> <span class='ocrx_word' id='word_1_256' title='bbox 1231 1978 1336 2009; x_wconf 77' lang='lat' dir='ltr'><strong>reser-</strong></span> 
     </span>
    </p>
   </div>
   <div class='ocr_carea' id='block_1_5' title="bbox 201 2025 1136 2125">
    <p class='ocr_par' dir='ltr' id='par_1_7' title="bbox 201 2025 1136 2125">
     <span class='ocr_line' id='line_1_31' title="bbox 201 2025 900 2058; baseline 0.003 -3"><span class='ocrx_word' id='word_1_257' title='bbox 201 2034 262 2058; x_wconf 80' lang='lat' dir='ltr'>tur.</span> <span class='ocrx_word' id='word_1_258' title='bbox 313 2025 405 2057; x_wconf 85' lang='lat' dir='ltr'>Talis</span> <span class='ocrx_word' id='word_1_259' title='bbox 430 2036 501 2057; x_wconf 84' lang='lat' dir='ltr'>crat</span> <span class='ocrx_word' id='word_1_260' title='bbox 525 2026 640 2058; x_wconf 86' lang='lat' dir='ltr'>Moses</span> <span class='ocrx_word' id='word_1_261' title='bbox 664 2025 744 2057; x_wconf 85' lang='lat' dir='ltr'>ille“</span> <span class='ocrx_word' id='word_1_262' title='bbox 771 2033 835 2056; x_wconf 79' lang='lat' dir='ltr'>etc,</span> <span class='ocrx_word' id='word_1_263' title='bbox 858 2025 900 2057; x_wconf 86' lang='lat' dir='ltr'>R.</span> 
     </span>
     <span class='ocr_line' id='line_1_32' title="bbox 296 2077 1136 2125; baseline -0.001 -13"><span class='ocrx_word' id='word_1_264' title='bbox 296 2081 328 2123; x_wconf 63' lang='grc' dir='ltr'>ὁ)</span> <span class='ocrx_word' id='word_1_265' title='bbox 356 2080 420 2112; x_wconf 83' lang='lat' dir='ltr'>Ed.</span> <span class='ocrx_word' id='word_1_266' title='bbox 447 2081 494 2113; x_wconf 84' lang='lat' dir='ltr'>M.</span> <span class='ocrx_word' id='word_1_267' title='bbox 523 2081 561 2113; x_wconf 88' lang='lat' dir='ltr'>ll.</span> <span class='ocrx_word' id='word_1_268' title='bbox 590 2081 737 2125; x_wconf 83' lang='lat' dir='ltr'>,‚quod.“</span> <span class='ocrx_word' id='word_1_269' title='bbox 766 2100 806 2104; x_wconf 92' lang='lat'>—</span> <span class='ocrx_word' id='word_1_270' title='bbox 830 2080 939 2112; x_wconf 83' lang='lat' dir='ltr'>Exod.</span> <span class='ocrx_word' id='word_1_271' title='bbox 965 2080 1060 2118; x_wconf 84' lang='lat' dir='ltr'>XIX,</span> <span class='ocrx_word' id='word_1_272' title='bbox 1086 2077 1136 2112; x_wconf 76' lang='grc'>19.</span> 
     </span>
    </p>
   </div>
   <div class='ocr_carea' id='block_1_6' title="bbox 202 2133 1334 2218">
    <p class='ocr_par' dir='ltr' id='par_1_8' title="bbox 202 2133 1334 2218">
     <span class='ocr_line' id='line_1_33' title="bbox 295 2133 1334 2178; baseline -0.004 -11"><span class='ocrx_word' id='word_1_273' title='bbox 295 2134 410 2177; x_wconf 80' lang='lat' dir='ltr'>⁶)·Sic</span> <span class='ocrx_word' id='word_1_274' title='bbox 445 2136 526 2170; x_wconf 77' lang='lat' dir='ltr'>Mss.</span> <span class='ocrx_word' id='word_1_275' title='bbox 559 2137 596 2169; x_wconf 91' lang='lat' dir='ltr'>ln</span> <span class='ocrx_word' id='word_1_276' title='bbox 627 2146 720 2169; x_wconf 83' lang='lat' dir='ltr'>antea</span> <span class='ocrx_word' id='word_1_277' title='bbox 753 2136 851 2168; x_wconf 73' lang='lat' dir='ltr'>editis</span> <span class='ocrx_word' id='word_1_278' title='bbox 888 2137 934 2178; x_wconf 85' lang='lat' dir='ltr'>(V.</span> <span class='ocrx_word' id='word_1_279' title='bbox 968 2148 997 2168; x_wconf 85' lang='lat' dir='ltr'>c.</span> <span class='ocrx_word' id='word_1_280' title='bbox 1029 2134 1104 2166; x_wconf 83' lang='lat' dir='ltr'>cdd.</span> <span class='ocrx_word' id='word_1_281' title='bbox 1137 2134 1207 2175; x_wconf 89' lang='lat' dir='ltr'>M.)</span> <span class='ocrx_word' id='word_1_282' title='bbox 1243 2133 1334 2164; x_wconf 77' lang='lat' dir='ltr'>deest</span> 
     </span>
     <span class='ocr_line' id='line_1_34' title="bbox 202 2178 414 2218; baseline 0 -8"><span class='ocrx_word' id='word_1_283' title='bbox 202 2178 347 2218; x_wconf 84' lang='lat' dir='ltr'>„Deus.“</span> <span class='ocrx_word' id='word_1_284' title='bbox 377 2179 414 2210; x_wconf 79' lang='lat' dir='ltr'>R.</span> 
     </span>
    </p>
   </div>
   <div class='ocr_carea' id='block_1_7' title="bbox 299 2234 1070 2280">
    <p class='ocr_par' dir='ltr' id='par_1_9' title="bbox 299 2234 1070 2280">
     <span class='ocr_line' id='line_1_35' title="bbox 299 2234 1070 2280; baseline -0.012 -8"><span class='ocrx_word' id='word_1_285' title='bbox 299 2237 332 2280; x_wconf 87' lang='lat'>⁷)</span> <span class='ocrx_word' id='word_1_286' title='bbox 360 2239 459 2271; x_wconf 81' lang='lat' dir='ltr'>Rom.</span> <span class='ocrx_word' id='word_1_287' title='bbox 487 2236 544 2275; x_wconf 85' lang='lat' dir='ltr'>lX,</span> <span class='ocrx_word' id='word_1_288' title='bbox 572 2236 623 2270; x_wconf 71' lang='lat'>19.</span> <span class='ocrx_word' id='word_1_289' title='bbox 750 2236 782 2277; x_wconf 65' lang='lat'>⁹)</span> <span class='ocrx_word' id='word_1_290' title='bbox 808 2237 907 2268; x_wconf 85' lang='lat' dir='ltr'>Rom.</span> <span class='ocrx_word' id='word_1_291' title='bbox 936 2235 993 2272; x_wconf 76' lang='lat' dir='ltr'>lx,</span> <span class='ocrx_word' id='word_1_292' title='bbox 1018 2234 1070 2267; x_wconf 84' lang='lat'>20.</span> 
     </span>
    </p>
   </div>
  </div>
 </body>
</html>
