1404 2463
194 86 255 119 172
663 88 837 121 Omossms

193 186 241 209 est
264 177 367 210 Deus.
414 177 458 209 Et
482 177 563 222 quid
589 178 715 219 agetis?
752 179 787 211 Si
804 179 833 222 ¹)
859 177 1061 210 invisibilem
1076 178 1108 221 2)
1142 190 1217 210 eum
1251 190 1320 209 esse

193 238 301 271 dicitis
332 251 393 282 per
422 248 590 277 naturam,
621 252 728 284 neque
754 239 922 273 salvatori
949 240 1051 272 debet
1075 251 1145 271 esse
1171 237 1320 270 visibilis.

194 300 286 344 Quin
318 300 387 332 imo
413 310 445 332 et
470 301 574 333 videri
600 301 692 334 Deus
716 311 812 346 pater
837 301 958 334 Christi
985 300 1126 339 dicitur,
1164 299 1321 344 quoniam

195 362 320 408 „qui³)
346 363 469 402 videt,“
495 362 614 407 inquit,
641 363 800 404 „Filium,
826 363 918 395 videt
934 373 966 395 et
980 362 1146 396 Patrem.“
1173 361 1324 405 Quod⁴)

195 425 310 469 utique
336 438 395 457 vos
421 424 634 457 vehementer
657 434 824 467 angustat,
848 437 865 456 a
891 424 988 456 nobis
1012 437 1091 456 vero
1116 423 1239 456 rectius
1255 436 1324 455 non

193 490 305 531 pr05)
330 487 497 527 videndo,
526 488 585 519 sed
610 500 672 531 pro
699 487 918 528 intelligendo
943 485 1096 518 sentitur.
1144 485 1211 535 Qui
1236 485 1324 517 enim

194 549 442 588 intellexeritss)
476 549 621 588 Filium,
665 549 832 590 intelliget
871 558 903 580 et
935 548 1079 580 Patrem.
1139 547 1214 579 Hoc
1246 559 1325 587 ergo
1380 567 1382 575 ι

195 611 300 642 modo
325 611 439 643 Moses
465 611 564 644 etiam
589 612 701 644 Deum
727 610 846 643 vidisse
873 610 1040 654 putandus
1065 619 1131 647 est,
1161 621 1229 641 non
1255 620 1326 639 car-

195 673 324 706 nalibus
349 673 456 705 oculis
482 685 558 705 eum
582 672 732 712 intuens,
757 673 814 704 sed
840 671 911 704 visu
937 671 1049 704 cordis
1067 684 1105 703 ac
1120 683 1218 703 sensu
1234 682 1328 701 men-

197 735 236 767 tis
262 735 462 776 intelligens,
489 744 521 766 et
546 736 611 766 hoc
636 746 673 766 ex
698 744 792 778 parte
816 734 941 778 aliqua.
990 732 1211 766 Manifestum
1236 731 1325 763 enim

198 806 266 840 cst,
297 796 439 840 „quia⁷)
465 796 622 833 facieni‚“
656 795 783 840 inquit,
817 808 946 837 „meam
972 807 1040 827 non
1065 793 1239 826 videbis:“
1265 793 1328 826 sci-

197 858 277 891 lieet
301 858 359 903 qui
383 857 474 890 Mosi
498 870 659 902 responsa
681 859 879 902 praebebat,
906 857 985 897 „sed
1009 855 1198 901 posteriora
1222 859 1327 887 mea.“

199 920 295 963 Quae
319 920 435 964 utique
461 933 536 951 cum
561 933 600 951 eo
626 930 702 952 sunt
727 919 944 961 intelligenda
967 926 1187 957 sacramento,
1213 917 1328 961 quoss)

198 981 341 1023 intelligi
375 981 533 1014 convenit
565 981 653 1013 dicta
685 981 814 1020 divina,
852 979 988 1025 abjectis
1018 979 1174 1024 profecto
1206 978 1274 1011 illis
1299 987 1332 1010 et

199 1044 319 1089 spretis
343 1043 486 1075 anilibus
510 1043 652 1083 fabulis,
687 1056 771 1087 quae
796 1044 838 1075 de
863 1041 1086 1074 anterioribus
1110 1039 1178 1073 Dei
1201 1041 1243 1072 ab
1267 1040 1330 1072 im-

199 1106 331 1151 peritis,
374 1105 685 1150 posterioribusque
715 1105 893 1146 finguntur.
952 1105 1069 1147 Neque
1082 1103 1116 1147 ⁹)
1149 1115 1234 1135 sane
1259 1101 1331 1146 quis

200 1181 260 1200 nos
297 1167 440 1212 impium
479 1167 607 1212 aliquid
642 1167 781 1200 sensisse
812 1166 1008 1205 arbitretur,
1045 1164 1137 1209 quod
1176 1163 1331 1203 diximus,

201 1229 277 1275 quia
307 1230 438 1272 nec¹⁰)
470 1229 635 1262 Salvatori
670 1228 807 1261 visibilis
839 1237 887 1261 est
918 1228 1034 1260 Pater:
1074 1226 1332 1270 consideret¹¹)
1386 1239 1389 1267 ξ

300 1372 329 1415 ¹)
362 1371 500 1402 Exstant
538 1370 617 1401 haec
657 1369 753 1400 verba
786 1368 818 1400 in
851 1368 1052 1414 Hieronymi
1085 1368 1181 1413 epist.
1205 1367 1259 1402 94.
1291 1369 1330 1400 ad

204 1417 290 1450 Avit.
316 1429 388 1460 pag.
414 1415 489 1450 763.
514 1415 601 1446 hunc
626 1413 658 1446 in
683 1414 842 1446 modum:
877 1413 1013 1454 „Restat
1036 1423 1073 1446 ut
1095 1413 1269 1446 invisibilis
1293 1413 1336 1446 sit

202 1464 314 1502 Deus;
345 1462 371 1493 si
397 1470 506 1493 autem
532 1459 704 1491 invisibilis
730 1472 791 1502 per
815 1468 963 1490 naturam
992 1469 1057 1500 est,
1083 1472 1192 1503 neque
1218 1460 1332 1492 Salva-

203 1507 270 1540 tori
297 1506 434 1538 visibilis
459 1505 553 1538 e1·it.“
592 1505 676 1536 Vide
693 1504 793 1537 Huet.
812 1503 1046 1545 Origenianor.
1072 1504 1128 1536 lib.
1149 1505 1189 1536 ll.
1208 1514 1332 1548 quaest.

207 1555 246 1586 ll.
270 1566 361 1584 num·
390 1552 439 1585 17.
468 1551 519 1584 18.
547 1551 584 1582 R.
604 1570 644 1575 —-
671 1550 739 1582 Csr.
767 1550 816 1581 ed.
840 1550 969 1593 Rcdcp.
996 1563 1068 1594 pag.
1090 1549 1162 1584 182.
1188 1559 1259 1582 not.
1279 1549 1331 1584 31.

297 1609 330 1651 ²)
355 1608 418 1641 Ed.
444 1608 490 1640 M.
517 1607 541 1640 l.
568 1607 670 1638 male:
697 1605 921 1646 „invisibilis.“

296 1665 330 1707 3)
357 1664 426 1697 Cfr.
452 1676 500 1696 ev.
525 1663 644 1695 Joann.
670 1663 761 1701 XlV,
785 1662 816 1696 9.
1024 1681 1027 1682 ν

299 1722 331 1764 ⁴)
355 1720 412 1753 Sic
439 1732 554 1752 omnes
579 1718 687 1751 Codd.
715 1717 794 1751 Mss.
818 1717 909 1749 Libri
935 1717 1017 1749 editi
1042 1718 1089 1761 (v.
1115 1732 1142 1750 c.
1169 1719 1242 1753 edd.
1270 1719 1333 1764 M.)

208 1768 309 1810 „Quo
335 1765 450 1809 utique
475 1778 535 1796 nos
561 1764 696 1808 quidam
723 1763 937 1795 vehementer
960 1772 1161 1804 angustant.«

301 1826 334 1867 5)
358 1823 421 1854 Ed.
448 1821 496 1854 M.
522 1822 545 1853 l.
572 1820 676 1852 male:
705 1819 969 1863 »providend0.“

301 1880 334 1924 ὀ)
361 1879 429 1912 Csr.
456 1878 506 1910 ed.
533 1877 660 1921 Redep.
687 1889 759 1920 pag.
786 1876 859 1910 185.
883 1885 954 1908 not.
982 1877 1010 1910 1.

302 1936 334 1978 ⁷)
359 1935 421 1967 Ed.
449 1934 498 1967 M.
524 1933 562 1965 ll.
599 1933 743 1977 „qu0d.«
772 1953 814 1956 —
840 1931 910 1966 Cfr.
942 1933 1048 1964 Exod.
1080 1932 1246 1974 XXXIH,
1280 1933 1332 1967 20.

212 1983 292 2015 coll.
317 1981 372 2016 23.
500 1980 534 2021 ⁸)
558 1978 646 2010 Edd.
673 1978 719 2011 M.
747 1979 974 2021 „quomodo,«

304 2038 336 2080 ⁹)
363 2037 419 2070 Sic
446 2036 523 2068 Mss.
548 2035 640 2067 Editi
665 2036 707 2077 (v⁴
738 2048 763 2066 c.
792 2035 867 2066 edd.
887 2035 951 2078 M.)
976 2046 1170 2079 perperam:
1199 2035 1335 2078 »Neque

212 2097 287 2116 sane
315 2095 376 2115 nos
399 2080 540 2124 impium
570 2101 605 2106 —
633 2080 862 2113 arbitremur.“
889 2080 929 2113 R.
955 2100 997 2104 —-
1036 2080 1106 2114 Cfr.
1130 2079 1182 2113 ed.
1208 2079 1333 2124 Redep.

214 2142 285 2174 pag,
312 2127 384 2162 185.
409 2135 477 2158 not.
505 2126 556 2160 12.

286 2185 339 2226 ¹⁰)
366 2183 452 2214 Edd.
481 2182 526 2213 M.
555 2186 694 2214 »nunc.“

288 2241 340 2282 ¹¹)
364 2238 419 2272 Sic
446 2239 524 2271 Mss.
551 2239 639 2271 Edit?
667 2241 711 2281 (v.
739 2253 764 2270 (·.
792 2239 844 2274 cd.
866 2239 912 2270 M.
932 2238 991 2280 ll.)
1016 2250 1209 2282 perperam:
1239 2250 1336 2269 »cun-

216 2287 390 2319 siderent.«
420 2284 457 2317 R.
483 2304 523 2310 ·—
551 2284 610 2316 Ed.
638 2285 683 2317 M.
713 2284 734 2316 l.
763 2283 1064 2316 »considerentun«
