1404 2463
400 150 446 173 nn
472 140 666 173 ancipns
691 141 803 172 Lmen
828 140 884 173 lv.
1149 137 1216 173 459

84 230 220 264 mortali
251 221 393 262 inbeniri
417 242 485 262 non
511 240 631 273 posse,
666 229 722 261 sed
749 241 790 261 ne
816 230 856 261 ab
881 226 930 260 his
956 228 1094 272 quidem
1119 237 1216 261 natu-

84 293 138 332 ris,
156 293 186 337 ¹)
219 303 304 337 quae
339 291 489 336 quamvis
521 289 704 322 diviniores
729 291 793 322 sint
819 301 916 335 quam
941 290 1084 322 humana
1096 289 1131 334 2)
1156 298 1215 328 est,

84 355 192 387 sactae
227 363 337 386 tamen
371 363 404 386 et
436 352 571 397 ipsae3)
605 360 695 391 sunt,
736 352 785 384 vel
820 361 964 384 creatae:
1004 351 1111 384 sciens
1137 364 1215 392 ergo

84 416 175 460 quod
191 415 223 460 4)
260 429 276 447 a
311 415 402 447 nulla
428 415 542 446 harum
568 424 677 457 neque
703 413 853 453 initium,
890 422 998 458 neque
1023 413 1098 445 finis
1122 412 1216 445 inve-

83 476 146 508 niri
170 485 296 520 potest,
319 476 380 508 ait:
409 476 594 518 „Priora⁵)
620 486 702 518 quae
729 476 852 507 suerint
877 475 996 514 dicite,
1021 484 1054 506 et
1078 474 1214 512 scimus,

83 537 161 582 quia
196 537 242 570 dii
275 538 369 570 estis:
409 537 462 569 vel
488 536 665 568 novissima
691 550 773 581 quae
798 547 890 577 sunt,
931 535 1146 575 annunciate,
1184 544 1217 567 et

84 607 163 632 tunc
187 599 386 637 videbimus,
423 598 499 642 quia
526 597 573 630 dii
598 597 706 630 estis.“
756 598 886 642 Nam⁶)
913 607 946 631 et
969 598 1131 630 hebraeus
1156 597 1216 629 do-

85 669 159 692 ctor
191 660 237 693 ita
267 661 438 692 tradebat:
457 661 542 703 ‘pro
577 671 636 699 eo,
673 660 764 703 quod
796 659 928 692 initium
956 659 1127 698 omniurn,
1164 659 1216 690 vel

86 721 160 754 finis
194 735 262 754 non
291 721 399 766 possit
431 722 471 753 ab
502 721 576 752 ullo
601 721 862 764 comprehendi,
895 721 957 753 nisi
981 721 1218 753 tantummodo

83 796 100 815 a
126 783 278 816 Domino
301 782 381 816 jesu
410 782 567 821 Christo,
601 791 631 813 et
657 794 673 813 a
700 782 830 826 Spiritu
855 791 988 823 sancto,
1023 783 1133 826 ajebat
1158 796 1219 826 per

84 845 224 886 figuram
238 845 270 888 ⁷)
303 844 439 876 visionis
470 843 601 875 Esaiam
644 842 763 874 dixisse
799 844 884 875 duos
918 843 1094 887 Seraphim
1125 844 1218 876 solos

85 908 212 949 esse,⁸)
237 906 294 950 qui
320 907 449 938 duabus
475 905 611 949 quidem
637 904 697 936 alis
723 905 880 948 operiunt
897 904 1016 936 faciem
1035 905 1112 943 Dei,
1138 906 1219 937 dua-

84 969 146 1000 bus
182 981 262 1000 vero
295 968 415 1012 pedes,
449 977 481 999 et
512 967 640 998 duabus
667 966 781 997 volant
806 965 984 998 clamantes
1009 966 1050 997 ad
1075 965 1216 998 invicem

84 1029 164 1069 sibi,
204 1039 237 1062 et
261 1029 429 1061 dicentes:
470 1027 688 1070 „Sanctus‚⁹)
720 1036 867 1065 sanctus,
891 1035 1022 1058 sanctus
1048 1026 1215 1059 Dominus

86 1092 180 1124 Deus
203 1091 362 1130 Sabaoth,
387 1091 486 1134 plena
513 1098 561 1121 est
585 1088 738 1121 universa
763 1098 850 1120 terra
877 1087 982 1129 gloria
1000 1096 1085 1120 tuas<
1114 1088 1217 1131 Quod

88 1165 168 1194 ergo
201 1153 275 1185 sola
300 1150 545 1196 Seraphim¹⁰)
578 1160 734 1195 utrasque
766 1149 832 1181 aias
867 1162 940 1181 suas
966 1150 1089 1182 habent
1117 1150 1217 1195 in'¹)

85 1215 170 1246 facie
196 1214 274 1253 Dei,
308 1223 341 1245 et
365 1213 398 1245 in
421 1213 563 1257 pedibus
588 1214 669 1257 ejus,
693 1212 884 1244 audendum
910 1219 959 1243 est
982 1212 1217 1256 pronunciare,

85 1276 177 1320 quod
203 1289 312 1320 neque
338 1276 502 1308 exercitus
524 1283 715 1306 sanctorum
741 1274 955 1315 angelorum,
990 1285 1098 1317 neque
1123 1274 1218 1305 sedes

84 1346 235 1376 sanctae,
270 1350 379 1382 neque
405 1336 672 1375 dominationes,
709 1347 818 1379 neque
850 1334 1074 1379 principatus,
1107 1347 1217 1379 neque

86 1408 269 1442 potestates
293 1399 376 1431 scire
401 1407 543 1443 possunt
566 1398 692 1438 integre
718 1396 851 1428 initium
879 1396 1046 1435 omnium,
1079 1406 1111 1428 et
1135 1396 1217 1428 fines

182 1577 212 1621 ¹)
237 1577 300 1609 Ed.
327 1576 375 1609 M.
402 1577 428 1609 Ῑ.
456 1578 583 1617 ‚,nata.“

178 1634 211 1676 ²¹)
236 1632 298 1665 Ed.
318 1632 366 1665 Μ.
386 1633 408 1665 1.
437 1631 600 1673 „humana
627 1639 676 1662 est
701 1629 817 1661 facies:
843 1638 954 1661 tamen
972 1638 1004 1661 et
1021 1628 1133 1673 ipsae“
1153 1638 1216 1662 etc.

180 1689 214 1733 ³)
243 1689 300 1721 Ed.
328 1688 377 1722 Μ.
402 1688 424 1720 l.
454 1688 564 1731 „ipsae
591 1695 738 1719 creatae:
770 1685 896 1718 sciens“
924 1693 999 1724 ete,
1024 1685 1075 1718 ed.
1101 1684 1149 1718 Μ.
1175 1686 1217 1718 1¹.

90 1734 200 1779 „ipsae
227 1735 277 1765 vel
304 1743 450 1765 creatae:
476 1734 603 1765 scions“
631 1741 692 1763 etc.

180 1790 214 1834 4)
239 1788 303 1822 Ed.
329 1791 378 1823 M.
405 1790 428 1822 Ι.
457 1790 570 1833 „quod
597 1797 714 1821 natura
739 1785 872 1818 harum:
897 1788 1028 1830 neque“
1056 1795 1117 1819 etc.

183 1847 216 1891 ⁵)
243 1847 310 1879 Cfr.
337 1845 438 1878 sesai.
463 1846 550 1884 XLI,
575 1844 629 1877 2⁴2.
655 1842 708 1876 23.

184 1903 217 1945 6)
243 1902 330 1933 Vide
364 1902 410 1932 lib
450 1902 476 1932 Ι.
511 1903 592 1944 περὶ
627 1898 749 1942 ἀρχῶν
780 1909 851 1940 cap.
877 1896 937 1928 ΙΙΙ.
969 1910 1060 1928 num.
1087 1897 1129 1936 4.,
1159 1896 1218 1928 ubi

92 1948 206 1979 cadem
240 1948 310 1978 fere
336 1945 566 1990 reperiuntur,
603 1953 634 1976 et
659 1944 759 1975 verba
784 1955 899 1983 graeca
924 1942 1150 1988 adponuntur.
1177 1962 1216 1967 —-

93 1992 161 2024 Cfr.
190 1992 239 2023 ed.
267 2000 367 2023 nostr,
396 1991 495 2023 Tum.
521 1989 588 2035 huj.
614 1990 708 2023 ΧΧΙ.
734 2001 806 2031 pag.
832 1987 883 2021 74.
910 1997 980 2020 not.
1004 1987 1035 2021 S.
1061 1987 1139 2019 coll.
1165 1987 1216 2019 ed.

93 2045 195 2068 nostr.
221 2037 320 2068 Tom.
347 2036 472 2067 XXIV.
496 2048 568 2079 pag.
594 2034 669 2069 346.
694 2042 766 2067 not.
792 2032 843 2066 11.

186 2093 218 2135 7)
244 2092 304 2124 Ed.
333 2092 380 2124 M.
407 2092 430 2123 l.
455 2103 650 2135 perperam:
677 2090 818 2131 „figuras
843 2088 1017 2120 visiones.“

185 2150 220 2191 ⁶)
246 2149 350 2180 Deest
376 2151 488 2187 „esse“
514 2147 546 2179 in
573 2147 650 2179 edd.
676 2147 725 2180 M.
843 2147 876 2190 ⁹)
901 2143 989 2178 Jesai
1014 2144 1072 2182 Vl,
1097 2143 1127 2177 3.

169 2206 220 2247 ¹⁰)
246 2204 350 2236 Deest
376 2204 412 2235 in
436 2203 534 2235 editis
559 2203 605 2247 (v.
631 2216 657 2235 c.
686 2203 763 2236 edd.
789 2201 854 2245 Μ.)
883 2200 1114 2244 ‚,Seraphim.“
1142 2198 1180 2231 R.

168 2262 221 2302 ¹¹)
247 2260 301 2293 Sic
329 2260 404 2293 Mss.
430 2259 523 2291 Editi
549 2261 595 2303 (v.
623 2272 649 2293 c.
676 2259 750 2291 edd.
770 2257 838 2302 M.)
865 2258 918 2300 „in
944 2257 1061 2291 faciem
1087 2256 1165 2296 Dei,
1188 2264 1219 2286 et

93 2307 154 2339 sub
178 2306 321 2351 pedibus
346 2305 447 2350 ejus.“
472 2305 513 2337 R.
