1404 2463
413 131 456 153 DE
481 121 670 153 Punoewns
697 118 806 150 Lmen
832 119 856 150 Ι.
1131 118 1195 153 113

71 211 126 243 cui
151 210 249 243 etiam
275 210 336 254 ipsi
362 210 488 243 inimici
505 207 703 255 subjiciendi
730 207 896 245 dicuntur,
923 206 1001 249 in¹)
1033 220 1099 251 quo
1131 207 1197 240 fine

72 272 188 304 omnia
219 281 252 304 et
282 272 315 304 in
348 271 501 304 omnibus
536 270 660 303 dicitur
684 282 751 301 esse
778 269 881 302 Deus.
934 268 969 300 ln
995 267 1058 300 hoc
1081 269 1146 300 line
1170 269 1196 301 si

69 333 145 377 quis
158 334 190 376 2)
218 333 423 365 materialem
448 342 609 370 naturam,
634 331 669 363 id
689 340 738 363 est
757 343 966 374 corpoream,
991 330 1122 374 penitus
1146 330 1196 362 in-

70 394 243 426 terituram
268 404 384 438 putet,
413 394 508 426 nullo
523 395 556 437 ³)
592 392 730 425 omnino
763 405 883 434 genere
909 390 1093 423 intellectui
1118 404 1194 423 meo

69 469 247 488 occurrere
272 464 399 500 potest,
431 455 604 499 quomodo
640 463 692 486 tot
724 463 756 485 et
788 463 896 485 tantae
921 452 1120 485 substantiae
1146 453 1193 485 vi-

72 525 138 549 tam
163 530 268 558 agere,
294 526 326 549 et
350 515 526 548 subsistere
550 514 620 547 sine
645 515 842 559 corporibus
866 524 1017 558 possunt,
1043 527 1116 546 curn
1141 528 1195 547 so-

71 577 135 610 lius
159 577 244 617 Dei,
276 578 310 609 id
346 586 393 608 est
415 576 520 608 Patris
546 586 579 608 et
601 575 683 608 Filii
707 585 740 608 et
765 575 909 620 Spiritus
932 575 1034 608 sancti
1058 586 1192 609 naturae

69 638 104 670 id
129 638 304 682 proprium
328 637 386 677 sit,
417 647 454 670 ut
485 638 554 670 sine
586 637 749 670 materiali
773 637 974 677 substantia,
1013 646 1045 669 et
1068 639 1191 682 absque

70 700 139 732 ulla
165 712 347 744 corporeae
371 698 565 744 adjectionis
590 700 749 731 societate
773 698 979 740 intelligatur
1003 699 1192 734 subsistere.

71 761 164 794 Alius
187 761 326 792 fortasse
352 760 459 799 dicet,
492 759 696 804 quoniam⁴)
726 759 758 792 in
792 759 854 791 illo
886 760 951 792 fine
983 761 1090 793 omnis
1114 762 1191 793 sub-

69 823 185 855 stantia
218 822 401 866 corporalis
425 821 470 854 ita
494 835 578 866 pura
603 822 681 862 erit,
715 831 813 867 atque
840 831 996 866 purgata,
1019 831 1057 854 ut
1079 823 1191 855 aethe-

69 883 113 916 ris
136 883 168 916 in
193 884 332 916 modum
357 893 390 916 et
414 883 566 916 coelestis
590 883 759 928 cujusdam
783 883 939 927 puritatis
962 892 1061 928 atque
1085 883 1190 916 since-

70 945 175 978 ritatis
199 945 305 990 possit
329 945 479 986 intelligi.
527 944 658 978 Certius
682 954 793 977 tamen
818 944 960 988 qualiter
982 956 1016 976 se
1040 944 1189 978 habitura

67 1006 112 1039 sit
134 1020 204 1046 res,
235 1006 296 1038 scit
328 1006 418 1038 solus
445 1006 552 1044 Deus,
588 1014 622 1037 et
652 1005 679 1038 si
703 1005 759 1050 qui
786 1004 854 1050 ejus
878 1018 938 1050 per
963 1005 1131 1039 Christum
1157 1015 1189 1039 et

68 1068 232 1113 Spiritum
256 1077 404 1100 sanctum
431 1067 529 1098 amici
553 1075 637 1099 suut.

281 1324 518 1364 CAPUT
577 1323 973 1365 SEPTIMUM.

328 1423 425 1467 ow)
450 1422 656 1467 incorporeis
687 1431 721 1454 et
743 1423 927 1467 corporeis.

158 1515 185 1548 1.
232 1514 323 1546 Haec
348 1513 500 1558 quidem,
532 1525 616 1558 quae
651 1512 800 1556 superius
832 1511 1063 1553 disseruimus,
1087 1527 1183 1556 gene—

67 1574 128 1606 rali
141 1575 174 1618 ⁶)
199 1574 294 1607 nobis
319 1587 471 1607 sermone
497 1574 620 1616 digesta
644 1574 719 1614 sint,
743 1587 804 1618 per
822 1575 1090 1619 consequentiam
1116 1590 1183 1609 ma-

166 1703 197 1744 ¹)
225 1702 294 1735 Csr.
319 1702 375 1734 lib.
390 1703 450 1735 llI.
466 1706 543 1747 περὶ
560 1703 762 1747 ἀρχῶνρὲις.
783 1701 982 1746 (ed.Ruaei)
1002 1703 1073 1737 152.
1091 1716 1158 1748 seq.

163 1757 197 1801 ²)
224 1757 285 1792 Ed.
311 1758 359 1791 M.
382 1759 406 1792 l.
433 1760 542 1803 „qui.“

162 1815 196 1857 ³)
223 1813 320 1845 Aliud
345 1814 431 1846 forte
458 1815 538 1847 vidit
563 1815 595 1847 in
619 1823 709 1847 textu
735 1827 850 1855 graeco
869 1814 1101 1858 Hieronymus,
1127 1816 1183 1860 qui

30 1881 32 1886 ·
71 1858 164 1902 epist.
189 1860 230 1890 ad
246 1859 381 1891 Avitum
406 1863 492 1903 (pag.
509 1860 602 1904 762.)
631 1859 810 1900 Origenem
828 1861 949 1891 docere
963 1861 1065 1892 refert
1089 1874 1183 1900 „cor-

71 1904 203 1947 porales
228 1915 360 1948 quoque
387 1906 580 1937 substantias
611 1905 743 1949 penitus
778 1906 975 1948 dilapsuras;
1006 1914 1063 1937 aut
1094 1916 1181 1938 certe

71 1949 105 1980 iu
130 1949 194 1980 sine
219 1949 368 1980 omnium
398 1949 460 1981 hoc
498 1963 564 1982 esse
589 1951 699 1982 futura
724 1963 884 1994 corpora,
909 1950 999 1993 quod
1025 1963 1110 1982 nunc
1134 1961 1182 1983 est

71 1994 183 2026 aether
207 2003 239 2025 et
270 1994 419 2033 coelum,
455 2003 487 2026 et
516 1995 542 2027 si
572 1995 663 2039 quod
695 1995 785 2027 aliud
817 2008 936 2039 corpus
968 1994 1125 2027 sincerius
1149 2005 1181 2028 et

70 2039 185 2082 purius
216 2038 355 2079 intelligi
386 2048 507 2083 potest.
554 2039 655 2082 Quod
692 2053 766 2071 cum
796 2040 841 2072 ita
871 2040 928 2078 sit,
962 2042 1074 2084 *inquit
1097 2043 1182 2074 idem

71 2086 195 2126 doctor,
227 2084 305 2128 quid
330 2085 369 2114 de
395 2085 634 2117 resurrectione
658 2085 776 2117 sentiat
799 2085 1011 2129 perspicuum
1036 2090 1114 2118 est.“
1142 2087 1179 2119 R.

72 2129 141 2164 Cfr.
168 2131 220 2161 ed.
247 2130 372 2172 liedep.
396 2142 468 2172 pag.
498 2130 569 2163 148.
593 2139 661 2161 not.
689 2131 721 2162 2.

165 2185 197 2228 ⁴)
222 2185 285 2216 Ed.
311 2184 358 2217 Μ.
387 2185 423 2216 ΙΙ.
451 2186 594 2229 „qu0d.“

164 2240 195 2283 ⁵)
220 2240 347 2284 Redep.
366 2240 398 2271 in
415 2241 517 2272 notis:
545 2240 715 2282 ‚,Rectius:
729 2241 782 2272 De
794 2241 876 2280 sole,
891 2241 978 2280 luna,
998 2250 1030 2272 et
1043 2240 1179 2277 stellis,“

162 2296 195 2340 ⁶)
220 2296 275 2329 Sic
308 2297 386 2330 Mss.
416 2296 509 2328 Libri
539 2306 648 2329 autem
679 2296 758 2328 editi
789 2298 835 2340 (v,
867 2310 894 2330 c.
926 2298 1000 2329 cdd.
1035 2298 1095 2339 M.)
1128 2297 1181 2328 lia-

118 2357 293 2391 Omomus
318 2358 441 2391 OPERA
466 2358 561 2391 Tom.
585 2359 676 2390 XXI.
969 2361 991 2390 δ
