1404 2463
411 118 455 141 DE
480 108 673 141 Pssmcwns
697 107 808 140 Lmen
834 108 858 139 1.
1149 104 1188 138 71

72 206 171 240 atque
195 197 417 241 apostolicae,
451 210 512 229 nec
543 209 611 228 non
640 196 721 237 legis
750 209 788 227 ac
820 195 1076 239 prophetarum,
1106 193 1192 226 sicut

71 257 141 301 ipsc
173 257 321 291 Christus
352 259 500 292 asseruit.
555 258 653 301 De¹)
692 257 901 290 subsistentia
935 269 1013 288 vero
1046 254 1191 299 Spiritus

70 319 174 352 sancti
197 332 238 352 ne
262 320 487 365 suspicionem
512 319 649 364 quidem
682 318 785 351 ullam
818 319 940 351 habere
971 317 1043 362 quis
1067 316 1190 360 potuit,

71 389 204 424 praeter
228 393 295 421 eos,
320 381 377 426 qui
400 383 434 413 in
457 381 529 422 lege
554 389 587 413 et
609 379 784 424 prophetis
798 379 919 413 versati
935 387 1022 418 sunt,
1045 378 1096 409 vel
1121 390 1190 416 eos,

71 442 127 486 qui
151 456 186 475 se
213 443 344 476 Christo
379 443 514 475 credere
539 442 796 486 confitentur.²)
843 442 928 474 Nam
951 442 993 473 de
1016 440 1092 473 Deo
1117 438 1190 483 qui-

70 503 146 536 dem
170 512 265 547 patre
287 504 434 548 quamvis
458 505 592 549 quidem
620 503 780 548 proloqui
803 516 903 535 nemo
928 503 1053 543 valeat,
1076 509 1189 533 tamen

68 565 229 608 possibile
254 574 302 598 est
324 565 532 598 intellectum
557 563 704 609 aliquem
736 565 808 609 capi
840 577 877 597 ex
913 563 1088 597 occasione
1113 561 1189 594 visi-

67 626 186 658 biliam
210 635 454 666 creaturarum,
476 620 556 670 et3)
581 639 619 658 ex
642 626 709 668 his,
741 639 824 671 quae
849 626 990 658 humana
1013 637 1107 656 mens
1130 635 1190 655 na-

68 687 220 720 turaliter
242 689 362 732 sentit3
391 684 526 733 insuper
557 688 656 720 etiam
688 688 729 720 de
756 687 937 731 Scripturis
965 686 1085 720 sanctis
1110 697 1188 717 con-

68 749 192 782 firmari
214 749 374 794 possibile
400 759 457 782 est.
504 751 572 784 Sed
598 759 630 783 et
654 751 695 782 de
711 750 799 782 Filio
812 749 890 789 Dei,
913 747 1063 793 quamvis
1086 758 1186 779 nemo

65 811 197 844 noverit
218 811 348 844 Filium
385 811 447 844 nisi
477 812 593 852 Pater,
629 822 741 845 tamen
782 825 819 844 ex
855 811 975 844 divinis
1005 807 1188 853 Scripturis

69 872 167 905 etiam
191 874 232 905 de
256 873 330 917 ipso
356 873 498 918 qualiter
521 873 642 906 sentire
667 874 802 914 debeat,
832 886 925 905 mens
949 873 1092 904 humana
1114 870 1184 902 for-

66 944 193 975 matur3
224 944 257 967 et
286 948 356 967 non
385 935 495 967 solum
528 948 564 967 ex
589 948 698 974 novo,
722 936 779 967 sed
806 935 904 967 etiam
928 947 966 966 ex
991 931 1097 965 veteri
1120 932 1187 963 Te-

64 1005 248 1036 stamento,
273 1009 333 1040 per
357 1009 413 1035 ea,
445 1010 528 1040 quae
552 1010 570 1028 a
593 996 712 1029 sanctis
735 1006 824 1038 gesta
850 997 891 1028 ad
915 995 1082 1028 Clu-istum
1106 993 1187 1034 sigu-

66 1057 179 1089 raliter
201 1057 448 1101 referuntur‚⁴)
474 1071 512 1090 ex
536 1059 656 1102 quibus
680 1057 806 1090 adverti
829 1057 883 1089 vel
907 1055 1020 1088 divina
1038 1054 1106 1100 ejus
1129 1066 1185 1086 na-

66 1128 151 1159 tura,
175 1119 225 1150 vel
249 1118 402 1158 humana,
428 1131 511 1163 quae
535 1119 575 1150 ab
601 1131 640 1150 eo
666 1129 807 1152 assumta
831 1128 890 1158 est,
913 1127 1035 1162 potest.

155 1180 186 1214 2.
234 1180 286 1212 De
300 1181 333 1224 ⁵)
371 1179 499 1224 Spiritu
539 1193 618 1212 vero
661 1182 794 1220 sancto,
831 1180 923 1225 quod
961 1179 1021 1218 sit,
1058 1178 1183 1210 multae

65 1255 126 1274 nos
148 1241 343 1286 Scripturae
366 1241 570 1281 docuerunt,
598 1241 682 1274 sicut
705 1242 815 1275 David
838 1240 884 1273 ‘in
914 1242 949 1274 L.
975 1240 1109 1273 Psalmo
1133 1238 1184 1271 di-

68 1304 129 1336 cit:
153 1303 261 1347 „Et⁵)
287 1302 450 1347 Spiritum
473 1312 621 1335 sanctum
644 1313 738 1336 tuum
763 1317 804 1336 ne
829 1304 956 1336 auferas
981 1315 998 1334 a
1020 1304 1106 1334 me.“
1139 1300 1184 1332 Et

159 1470 190 1512 Ι)
214 1469 339 1502 Mirum
377 1469 456 1502 haec
486 1469 667 1511 Origenem
703 1470 894 1515 protulisse.
951 1470 1055 1502 Iidem
1095 1468 1182 1501 enim

65 1515 252 1554 Ptatonici‚
277 1515 414 1558 quibus,
438 1524 476 1546 ut
498 1525 578 1547 nota
604 1516 815 1560 praecedenti
841 1515 1101 1554 observavimus,
1124 1514 1184 1546 ali-

67 1573 165 1604 quam
190 1560 282 1592 verbi
307 1560 373 1592 Dei
395 1561 534 1603 putabat
558 1561 657 1593 fuisse
683 1561 896 1605 opinionem,
924 1560 1060 1592 tertium
1086 1559 1184 1603 quid-

66 1605 199 1637 damin
230 1619 287 1637 sua
317 1605 480 1637 Trinitate
515 1608 702 1650 ponebant,
734 1607 826 1650 quod
855 1605 998 1637 animam
1031 1605 1186 1637 solebant

66 1650 246 1694 appellare.
294 1649 385 1692 Quid
412 1659 509 1688 vetat,
532 1651 559 1683 si
582 1664 620 1683 ex
638 1651 782 1693 Origene
803 1650 940 1683 secundi
958 1650 1024 1682 Dei
1046 1649 1183 1682 nomine

66 1709 180 1727 verum
204 1695 269 1727 Dei
293 1696 432 1726 verbum
453 1695 707 1736 intellexerunt,
730 1695 822 1740 ipsos
845 1695 970 1740 pariter
994 1695 1083 1727 tertii
1107 1694 1184 1732 Dei,

66 1753 187 1784 nempe
212 1739 340 1772 animae
362 1739 509 1780 nominc,
533 1741 697 1785 Spiritum
721 1751 870 1773 sanctum
884 1740 1091 1781 designasse?
1120 1739 1183 1771 Vel

67 1798 144 1827 orgo
170 1784 261 1829 prius
284 1784 394 1817 dicere
422 1798 491 1817 non
515 1786 652 1828 debuit,
684 1786 737 1818 vel
760 1786 901 1824 alterum
925 1785 1041 1818 debuit
1065 1797 1185 1818 concc-

70 1831 159 1863 dere.
186 1830 224 1862 R.
251 1849 292 1854 -—
317 1829 386 1863 Cfr.
413 1831 462 1862 ed.
489 1832 618 1876 Redep.
642 1845 716 1876 pag.
742 1832 816 1865 122.
840 1840 911 1864 not.
937 1831 989 1865 10.

160 1886 194 1928 ²)
218 1885 268 1916 Ita
290 1885 370 1919 Mss.
396 1886 486 1919 Alias
509 1888 555 1931 (v,
573 1901 599 1921 c.
615 1888 648 1920 in
664 1888 739 1920 edd.
754 1888 819 1931 M.)
847 1887 1100 1931 „profitenturf⁴
1118 1887 1161 1920 R.

160 1942 193 1984 3)
219 1941 324 1972 Deest
348 1944 421 1981 „ct“
446 1941 480 1974 in
504 1944 579 1977 edd.
606 1945 651 1977 M.

160 1996 204 2076 ἐξ
220 1996 282 2029 Ed.
307 1996 355 2028 Μ.
374 1997 398 2028 1.
425 1999 620 2037 „refertur.“
640 2018 679 2025 —·
699 1999 767 2032 Cfr.
795 1999 845 2031 ed.
869 1998 996 2041 Redep.
1021 2010 1095 2042 pag.
1111 1996 1184 2032 122.

68 2051 137 2076 not.
208 2067 216 2074 .

162 2098 194 2142 ⁵)
220 2097 355 2129 Exstant
379 2098 495 2130 verba:
537 2099 610 2139 „De
639 2099 768 2143 Spiritu
792 2119 854 2140 -‚
883 2098 1013 2130 veniam
1037 2111 1106 2130 non
1129 2099 1186 2130 lm-

70 2146 149 2176 bere
173 2161 215 2167 —-
240 2141 385 2181 saecule,
412 2155 520 2189 neque
544 2143 578 2175 in
600 2145 750 2185 futur0‚“
782 2144 816 2175 iu
842 2144 985 2188 Apolog.
1010 2143 1185 2187 Pamphili.

73 2190 142 2220 Ch.
167 2187 258 2229 Orig.
285 2187 376 2230 Opp.
404 2189 454 2220 ed.
479 2189 585 2221 Ruaei
616 2189 714 2221 Tom.
740 2189 797 2222 lV.
821 2189 1007 2233 Appendic.
1037 2202 1109 2234 pag.
1133 2188 1185 2223 27.

74 2234 150 2266 coll.
177 2233 227 2265 ed.
252 2241 355 2264 nostr.
380 2233 479 2266 Tom.
505 2234 630 2266 XXIV.
655 2247 727 2279 pag.
751 2233 937 2269 338-340.

164 2290 199 2333 t³)
224 2288 344 2322 Psalm.
367 2289 421 2329 LI,
446 2289 497 2324 11.
524 2289 593 2333 (L.)
842 2304 846 2308 ·
