1404 2463
176 91 220 126 60
649 91 824 125 Omcssms

179 180 246 214 dici
270 188 399 225 potest,
429 178 456 211 si
480 192 548 213 non
572 180 652 221 sint,
685 182 717 214 in
743 194 827 226 quos
853 190 1001 214 exerceat
1022 188 1253 225 potentatum:
1271 182 1302 226 Ι)

178 252 212 275 et
236 242 314 275 ideo
339 250 377 274 ut
401 241 613 286 omnipotens
639 243 835 276 ostendatur
858 243 962 282 Deus,
988 241 1101 274 omnia
1123 242 1301 275 subsistere

177 316 312 337 necesse
337 312 394 336 est.
439 304 524 335 Nam
551 302 577 335 si
603 303 676 347 quis
700 313 759 343 est,
783 303 839 348 qui
863 304 942 336 velit
968 303 1019 335 vel
1038 304 1169 336 saecula
1181 304 1303 348 aliqua,

180 366 234 398 vel
256 364 362 410 spatia
386 364 550 404 transisse,
575 365 628 397 vel
653 366 883 410 quodcunque
908 364 1000 398 aliud
1024 365 1198 399 nominare
1222 365 1304 405 vult,

178 440 255 460 cum
278 426 429 459 nondum
453 426 539 458 facta
565 435 671 458 esseut
695 440 778 471 quae
803 428 890 459 facta
905 436 997 468 sunt;
1021 427 1090 460 sine
1108 426 1213 459 dubio
1237 426 1304 474 hoe

177 488 348 527 ostendet,
378 487 470 532 quod
499 486 533 519 in
564 487 630 520 illis
654 487 812 528 saeculis,
849 489 901 521 vel
925 488 1058 533 spatiis,
1092 487 1307 532 omnipotens

177 563 247 582 non
272 558 342 582 erat
365 549 475 587 Deus,
507 557 541 581 et
565 550 783 593 postmodum
810 550 1022 594 omnipotens
1046 551 1153 583 factus
1177 558 1244 589 est,
1268 561 1305 581 ex

179 625 247 656 quo
272 612 394 643 habere
419 609 531 654 coepit
555 609 588 642 in
614 623 697 655 quos
711 621 822 653 ageret
842 621 1074 656 potentatum:
1101 621 1133 644 et
1155 623 1217 655 per
1240 611 1306 643 boc

178 673 346 706 videbitur
369 672 560 717 profectum
577 672 611 716 2)
637 673 802 717 quendam
827 673 1010 718 accepisse,
1042 682 1074 706 et
1105 686 1142 705 ex
1168 671 1306 705 inferiu-

179 736 272 768 ribus
295 735 337 767 ad
361 734 504 767 meliora
529 734 676 776 venisse;
706 735 873 779 siquidem
906 735 1026 767 melius
1059 748 1128 768 esse
1151 747 1220 767 non
1245 735 1306 766 du—

179 797 323 836 bitatur,
363 809 432 829 esse
464 809 540 828 eum
573 795 843 840 omnipotentem
876 810 975 841 quam
1011 810 1079 829 non
1115 809 1196 830 esse.
1227 796 1307 840 (58)

178 859 224 892 Et
234 859 268 904 3)
295 858 469 904 quomodo
495 871 565 891 non
588 857 756 890 videbitur
779 859 973 899 absurdum,
996 868 1034 891 ut
1059 872 1134 890 cum
1158 871 1226 890 non
1250 857 1307 890 ha-

179 921 276 953 beret
299 919 425 964 aliquid
449 932 485 952 ex
511 919 561 952 his
585 919 691 960 Deus,
715 933 800 964 quae
825 933 902 952 eum
926 921 1048 952 habere
1065 920 1202 962 dignum
1227 929 1308 957 erat,

181 982 401 1026 postmodum
425 994 487 1025 per
509 981 702 1025 profectum
726 982 892 1025 quendam
916 981 948 1014 in
964 982 1028 1016 hoc
1041 981 1168 1014 venerit
1191 990 1228 1013 ut
1253 981 1309 1013 ha-

180 1043 299 1077 beret?
337 1042 441 1086 Quod
455 1043 488 1088 ⁴)
519 1043 547 1075 si
570 1055 741 1087 nunquam
766 1053 815 1075 est
839 1044 974 1088 quando
999 1056 1067 1075 non
1093 1042 1309 1086 omnipotens

181 1105 302 1145 fuerit,
343 1104 528 1137 necessario
559 1104 738 1137 subsistere
765 1114 903 1149 oportet
928 1104 1026 1137 etiam
1053 1117 1111 1149 ea,
1139 1117 1202 1149 per
1224 1116 1308 1148 quae

182 1166 397 1212 omnipotens
422 1166 556 1209 dicitur,
581 1175 614 1199 et
638 1179 772 1212 semper
794 1166 1002 1211 habuerit,⁵)
1028 1165 1196 1211 inquibus
1217 1178 1309 1198 exer-

183 1331 229 1372 (v.
255 1342 282 1361 c.
307 1329 384 1362 edd.
409 1328 489 1370 M),
514 1328 572 1360 sed
598 1336 725 1360 exstant
748 1328 782 1360 in
807 1328 962 1361 omnibus
980 1329 1059 1361 Mss.
1084 1328 1128 1361 R.
1154 1345 1194 1350 —
1220 1327 1307 1360 Edd.

181 1375 230 1409 Μ.
258 1373 348 1416 „sine
372 1372 599 1418 possessione:
622 1373 676 1405 vel
699 1373 744 1405 ita
768 1378 831 1405 ne“
858 1382 919 1406 etc.

278 1431 308 1471 ¹)
334 1430 391 1463 Sic
416 1430 493 1461 Mss.
519 1428 610 1461 Alias
635 1430 681 1472 (ν.
702 1442 728 1461 c.
754 1428 787 1461 in
813 1430 887 1461 edd.
907 1429 973 1472 M.)
1002 1432 1254 1473 „potestatem.“
1273 1429 1308 1461 R.

275 1486 308 1528 ²)
335 1486 391 1519 Sic
415 1486 496 1518 Mss.
536 1484 626 1517 Alias
652 1486 696 1530 (v.
722 1498 750 1518 e.
778 1485 812 1517 in
839 1486 915 1517 edd.
940 1486 1008 1530 M.)
1044 1484 1309 1529 „perfectionem

183 1533 360 1576 quandam.
367 1535 383 1551 ‘⁹‘
408 1531 448 1564 R.

275 1588 309 1632 ³)
335 1588 426 1620 Haec
450 1595 487 1618 ut
511 1598 648 1618 erronea
671 1598 787 1626 graece
813 1585 946 1617 exhibet
967 1584 1173 1618 Justinianus
1198 1586 1310 1630 Impe-

183 1642 277 1665 rator
300 1633 341 1664 ad
373 1632 498 1664 calcem
530 1631 627 1675 epist.
663 1631 704 1662 ad
735 1631 894 1663 Mennam
925 1629 1106 1664 Patriarch.
1138 1631 1308 1663 Constant.

183 1678 311 1722 (Mansi
342 1676 488 1721 ampliss.
521 1677 653 1708 collect.
687 1675 870 1710 Concilior.
904 1675 1004 1708 Tom.
1030 1676 1106 1719 IX.)
1135 1689 1209 1719 pag.
1232 1675 1307 1710 528.

184 1723 316 1756 Graeca
339 1723 421 1754 haec
446 1722 616 1763 leguntur:
640 1723 724 1759 Πῶς
737 1722 775 1755 δὲ
791 1721 855 1754 οὐκ
876 1717 1014 1754 τ’ἶτοπον
1031 1720 1092 1755 τό·
1115 1721 1166 1764 μὴ
1179 1722 1306 1764 ἔχοντα

184 1782 214 1802 τι
241 1772 312 1803 τῶν
335 1767 549 1812 πρεπόντων
574 1766 668 1800 αὐτῶ
694 1766 757 1800 τὸν
780 1766 886 1808 θεὸν,
920 1769 967 1804 εἷς
999 1766 1038 1800 τὸ
1044 1766 1158 1819 ἔχειν
1181 1767 1308 1820 ἐληλυ-

186 1818 310 1855 θέναι,·
340 1813 441 1847 Ἐπεὶ
476 1813 515 1846 δὲ
549 1811 612 1846 οὐκ
642 1813 741 1845 ἔστιν
777 1809 834 1846 ὅτε
865 1824 1126 1864 παντοκρατωρ
1156 1812 1221 1846 οὐκ
1251 1805 1307 1869 ἧνὲ

187 1859 243 1895 ἀεὶ
268 1857 360 1895 εἶναι
384 1858 443 1892 δεῖ
463 1858 592 1900 ταῦτα,
625 1855 668 1890 δι’
706 1853 727 1890 ἃ
747 1855 1024 1912 παντοκράτωρ
1049 1858 1141 1899 ἐστὶ,
1167 1858 1228 1890 καὶ
1252 1857 1310 1891 ἀεὶ

185 1900 230 1947 ἦν
256 1904 312 1939 ὑπ’
341 1903 451 1938 αὐτοῦ
476 1883 714 1944 κρατούμενα,
742 1898 885 1946 ἶῖρχοντι
913 1901 1008 1946 αὐτῶ
1028 1900 1212 1946 χρώμενα.
1254 1902 1308 1934 De

186 1951 236 1983 his
260 1958 373 1982 autem
398 1947 570 1980 disseritur
594 1945 824 1988 Origenianor.
857 1947 915 1981 lib.
942 1948 983 1980 ll.
1016 1956 1140 1992 quaest.
1166 1948 1192 1980 I.
1215 1960 1307 1980 num.

186 1997 216 2030 1.
243 2005 277 2027 et
299 1994 344 2034 2.,
375 1994 455 2026 item
488 1991 636 2038 ejusdem
666 1991 744 2024 libri
776 2002 902 2036 quaest.
924 1992 1000 2025 ΧΗ.
1027 2005 1120 2024 num.
1144 1991 1176 2026 4.
1203 1991 1240 2024 R.
1266 2013 1309 2017 —

188 2041 257 2074 Cfr.
289 2040 341 2072 ed.
371 2039 501 2081 Redep.
532 2049 604 2081 pag.
628 2036 661 2071 3.
693 2046 761 2070 not.
795 2038 825 2072 7.
855 2050 928 2082 pag.
953 2038 984 2071 4.
1017 2046 1089 2070 not.
1114 2037 1146 2071 2.
1170 2037 1201 2072 3.
1228 2037 1306 2069 coll.

186 2099 260 2131 pag.
286 2084 361 2119 117.
381 2091 451 2115 not.
477 2083 509 2116 5.

280 2140 314 2183 ⁴)
340 2139 397 2173 Sic
421 2138 501 2171 Mss.
528 2138 633 2170 Alias:
675 2138 801 2181 „Quod
831 2137 859 2170 si
891 2151 1062 2190 nun-quam
1091 2139 1218 2171 factum
1249 2148 1309 2179 est,

190 2187 343 2232 quando“
370 2193 431 2216 etc.
457 2184 496 2216 R.
522 2202 562 2208 ——
588 2183 675 2216 Edd.
701 2185 748 2216 M.
783 2183 910 2227 „Quod
940 2183 967 2216 si
990 2184 1115 2217 factum
1139 2196 1308 2229 nunquam

190 2241 248 2272 est,
272 2230 428 2276 quando‘*
453 2238 513 2261 etc.

281 2287 318 2331 ⁵)
343 2285 400 2320 Sic
424 2286 504 2319 Mss.
533 2284 622 2318 Alias
647 2286 692 2328 (v.
720 2299 747 2320 c.
771 2285 804 2318 in
831 2286 907 2318 edd.
933 2285 997 2329 M.)
1024 2284 1190 2326 „habuit.“
1215 2285 1257 2318 R.
