1404 2463
384 105 427 126 ns
455 94 644 126 ancipus
672 93 781 124 Lmen
807 93 847 124 11.
1122 91 1181 125 161

53 198 143 224 mus,
170 185 250 229 quid
278 194 380 223 esset,
406 184 497 228 quod
522 183 554 215 in
580 181 746 226 principio
773 182 854 214 fecit
877 182 969 213 Deus
996 182 1127 212 coelum
1153 191 1184 213 et

52 256 186 279 terram.
207 246 237 290 ¹)
286 246 388 279 Aliud
420 245 508 277 enim
540 244 674 276 eodum
709 254 740 275 et
773 243 836 275 alia
861 252 947 275 terra
975 243 1184 284 iudicatur-²)

55 321 142 348 esse,
167 320 265 352 quarn
291 308 376 340 illud
401 307 665 344 firmamentum,
691 306 782 349 quod
808 314 884 349 post
900 305 1042 337 biduum
1061 305 1186 337 factum

10 379 11 383 ’
55 370 195 409 dicitur,
228 370 281 401 vel
312 368 467 409 arida‚³)
505 379 588 412 quae
612 367 831 411 postmodum
856 376 943 399 terra
965 376 1187 411 nuncupatur.

55 434 142 464 saue
169 433 251 469 hoc,
288 430 379 474 quod
405 430 519 461 dicunt
544 428 680 472 quidam
695 428 727 471 ⁴)
754 429 796 460 de
823 428 887 460 hoc
911 428 1057 466 mundo,
1083 441 1188 472 quon-

54 494 165 537 iam⁵)
197 491 424 535 corruptibilis
457 490 593 535 quidem
626 499 675 521 est
708 503 745 521 ex
780 503 840 528 eo,
883 491 974 534 quod
1000 491 1104 522 factus
1130 500 1188 528 est,

55 568 115 587 nec
141 564 249 586 tamen
276 553 520 596 corrumpitur,
559 551 635 595 quia
660 552 878 595 corruptione
904 552 1027 584 fortior
1052 561 1084 583 et
1110 551 1190 584 vali—

56 617 133 648 dior
157 624 204 647 est
231 615 383 646 voluutas
408 615 493 652 Dei,
533 613 590 657 qui
615 613 697 645 fecit
722 627 816 652 eum,
849 623 881 645 et
906 613 1056 645 continet
1080 613 1188 651 illum,

59 691 100 710 ne
126 677 156 709 ei
182 676 355 720 corruptio
382 675 587 717 dominetur,
613 675 734 707 rectius
759 674 872 707 sentiri
897 675 956 707 ista
982 685 1122 719 possunt
1147 677 1189 708 de

57 752 97 771 eo
134 739 281 776 mundo,
321 738 469 781 quemfi)
508 738 650 779 ἀπλανῆ
689 737 862 780 sphaeram
899 750 998 781 supra
1036 737 1189 776 diximus,

55 799 180 845 quia⁷)
214 812 250 831 ex
285 799 456 830 voluntate
489 799 553 830 Dei
586 811 794 843 nequaquam
834 798 1045 842 corruptioni
1082 799 1191 845 subja-

56 871 139 901 ceat,
164 874 227 905 pro
254 873 306 899 eo,
331 861 422 904 quod
448 873 508 892 nec
534 873 646 892 causas
672 859 898 904 corruptionis
922 861 1062 904 accepit.
1107 862 1191 894 San·

59 933 190 955 ctorum
217 922 344 966 quippe
380 931 428 954 est
453 931 486 954 et
510 924 550 954 ad
577 922 742 966 liquidum
769 921 1024 965 purificatorum
1037 923 1071 966 ς’)
1097 936 1191 955 mun-

63 986 124 1017 dus
151 985 225 1023 ille,
251 994 284 1016 et
307 997 374 1015 non
400 983 600 1027 impiorum,
636 983 720 1015 sicut
744 983 805 1015 iste
829 993 952 1016 noster.
1001 984 1192 1017 Videndum

59 1056 170 1079 autem
203 1055 270 1085 est,
300 1058 340 1077 nc
372 1046 461 1077 forte
492 1045 524 1077 in
559 1046 622 1076 hoc
653 1044 832 1088 respiciens
857 1045 1032 1089 apostolus
1057 1046 1192 1079 dixerit:

63 1106 369 1151 »Prospicientibus
382 1105 415 1149 9)
448 1106 543 1138 nobis
561 1109 613 1150 ¹⁰)
640 1119 707 1138 non
733 1120 784 1145 ea,
817 1119 902 1151 quae
929 1106 1101 1149 videntur,
1134 1110 1192 1141 sed

65 1182 148 1213 quae
185 1182 253 1201 non
297 1168 462 1200 videntur.
519 1168 613 1211 Quae
655 1167 740 1200 enim
766 1168 954 1207 sidentur,
995 1171 1193 1215 temporalia

62 1239 156 1270 sunt,
194 1242 278 1275 quae
310 1239 420 1262 autem
454 1243 520 1262 non
554 1230 725 1269 videntur,
764 1239 895 1262 aeterna
927 1241 1013 1263 sunt.
1062 1233 1193 1265 Scimus

61 1301 191 1331 autem,
223 1291 381 1335 quoniam
414 1292 441 1323 si
472 1291 635 1323 terrestris
662 1292 781 1323 domus
806 1301 918 1324 nostra
942 1291 1038 1337 liujus
1065 1293 1194 1326 habita-

61 1353 162 1385 tionis
187 1352 396 1390 dissolvatur,
420 1352 688 1384 aedificationem
714 1353 873 1384 habemus
899 1365 914 1384 a
941 1353 1028 1393 Deo,
1054 1355 1192 1387 domum

61 1427 128 1446 non
162 1415 404 1452 manufactam,
444 1423 610 1446 aeternam
651 1415 682 1445 in
725 1414 860 1447 coelis.“
919 1414 1076 1460 Cnm¹¹)
1107 1418 1194 1449 onim

166 1561 195 1603 ¹)
221 1560 305 1592 Gen.
333 1560 356 1599 Ι,
384 1561 412 1593 1.
546 1561 579 1604 ²)
607 1561 666 1592 Ed.
694 1561 742 1592 M.
773 1561 794 1592 Ι.
823 1560 1036 1604 »judicatur.«

161 1616 194 1660 ³)
218 1617 282 1650 Ed.
308 1617 356 1650 M.
383 1617 406 1648 l.
433 1629 626 1660 perperam:
657 1617 833 1649 »aridamss

159 1672 193 1716 α)
222 1672 290 1705 Csr.
317 1673 367 1704 ed.
394 1673 522 1717 Redep.
549 1686 623 1716 pag.
650 1672 722 1707 178.
747 1683 816 1704 not.
843 1674 873 1705 5.

160 1729 192 1769 ⁵)
216 1728 302 1760 Edd.
329 1727 377 1760 M.
412 1730 606 1773 »quomodo
644 1728 871 1772 corruptibilis
905 1728 1039 1772 quidem
1078 1741 1125 1762 est
1159 1746 1195 1764 cx

70 1786 136 1816 quo
162 1773 267 1805 factus
293 1783 372 1805 esu«

166 1829 199 1882 ⁶)
225 1828 281 1861 Sic
306 1829 416 1861 Codd.
434 1830 514 1862 Mss.
539 1829 630 1862 Editi
658 1843 735 1862 vero
762 1832 817 1873 (vj
836 1843 862 1862 e.
889 1831 964 1863 edd.
982 1832 1049 1876 Μ.)
1078 1847 1196 1877 »quem

71 1874 261 1918 ἁκηραπων
284 1874 477 1918 sphaeram“
505 1884 566 1907 etc.
592 1876 632 1908 R.

166 1931 199 1972 ⁷)
225 1930 311 1962 Edd.
330 1930 378 1962 M.
398 1930 508 1974 „qui.«
526 1952 567 1956 -—
583 1931 651 1964 Cfr.
670 1932 722 1965 ed.
742 1932 869 1975 Redep.
887 1944 958 1976 pag.
975 1932 1129 1968 178.n01.
1147 1934 1196 1968 ll.

165 1986 199 2030 Θ)
224 1986 315 2018 Libri
342 1986 422 2018 editi
446 1988 494 2030 (v,
521 2000 547 2020 c.
573 1987 649 2019 edd.
676 1988 742 2030 Μ.)
769 1988 1050 2031 „perfectorum.“

162 2042 195 2084 ⁹)
224 2043 254 2074 11
280 2042 357 2075 cor.
386 2043 440 2081 iv,
468 2042 610 2082 18-v,
637 2044 665 2077 1.

145 2098 197 2142 ¹⁰)
224 2097 316 2130 Libri
341 2098 423 2130 editi
448 2100 494 2141 (v.
521 2112 547 2130 c.
574 2099 649 2130 edd.
675 2099 740 2141 M.)
768 2099 884 2139 „vobis
908 2113 976 2132 non
1002 2114 1050 2139 ea,
1068 2121 1120 2141 -‚
1140 2103 1197 2134 sed

74 2164 114 2169 —
132 2156 200 2175 non
227 2143 388 2175 videntur,
431 2143 526 2186 Quae
552 2143 639 2176 enim
664 2156 732 2175 non
758 2145 923 2184 videntur,
948 2155 1080 2178 aeterna
1104 2157 1197 2179 sunt:

74 2201 159 2232 quae
183 2198 294 2220 autem
319 2188 484 2228 videntur,
509 2188 710 2233 temporalia
733 2198 818 2221 sunt.
866 2190 1017 2224 Scimus«
1044 2201 1105 2224 etc.
1132 2192 1197 2224 Sed

76 2234 156 2266 Mss.
183 2243 220 2265 ut
245 2233 278 2265 in
302 2242 417 2265 nostro
443 2244 544 2266 textu.
571 2236 610 2267 R.

148 2289 201 2333 Η)
227 2290 276 2322 Ita
302 2290 379 2323 Mss.
406 2290 496 2323 Libri
527 2303 606 2323 vero
639 2291 718 2323 editi
749 2293 794 2335 (v.
829 2305 869 2328 c„
893 2293 966 2324 edd.
996 2293 1057 2335 Μ.)
1093 2293 1198 2324 »Cum

123 2351 300 2385 Omcssms
325 2351 454 2384 OPERA
480 2352 574 2385 ΤοΜ.
596 2353 692 2385 ΧΧΙ.
963 2355 996 2387 Η
