1404 2463
192 120 237 155 30
671 126 846 160 Oamssms

194 211 265 255 ejus
297 213 432 255 gratiam
465 216 660 249 sanctificari
692 216 883 249 meruerint.
944 216 986 248 Et
1013 225 1048 247 ut
1073 215 1204 248 facilius
1227 217 1320 261 quod

196 273 336 307 dicimus
360 276 466 320 possit
496 277 654 319 intelligi,
686 291 723 310 cx
752 279 850 310 rebus
881 278 1028 322 quamvis
1059 276 1242 321 imparibus
1266 291 1320 310 su-

193 349 321 370 mamus
345 339 547 382 exemplum.
595 340 697 372 Multi
721 349 809 379 sunt,
834 340 890 384 qui
915 338 1124 383 disciplinae,
1147 338 1216 371 sive
1240 339 1318 372 artis

192 399 377 432 medicinae
391 400 611 444 participant:
637 410 669 433 et
684 401 714 444 ¹)
737 401 901 445 numquid
918 401 1106 445 putandum
1122 410 1181 440 est,
1205 413 1321 434 omnes

193 472 262 500 eos,
295 461 353 505 qui
384 461 569 494 medicinae
600 462 816 507 participant,
850 462 1002 506 corporis
1034 462 1193 507 alicujus,
1228 463 1322 507 quod

192 522 358 555 medicina
383 523 516 563 dicitur,
541 524 572 556 in
598 524 711 556 medio
739 524 842 568 positi
875 524 939 556 sibi
969 524 1100 556 auferre
1130 523 1321 568 particulas,

193 593 226 615 et
250 584 293 616 ita
320 582 389 628 ejus
413 585 628 630 participium
653 585 810 618 sumere?
846 589 896 618 An
928 570 1041 630 poduxs
1064 585 1320 627 intelligendum

193 654 251 684 est,
276 646 368 690 quod
393 646 581 692 quicunque
607 648 748 692 promtis
772 647 963 692 paratisque
995 647 1163 680 mentibus
1187 647 1320 680 intelle-

193 716 283 739 ctum
309 708 388 741 artis
412 708 515 752 ipsius
540 709 803 754 disciplinaeque
836 709 1045 753 percipiunt,
1074 708 1108 741 hi
1132 708 1320 741 medicinae

191 768 394 814 participare
425 770 644 816 dicantur?²)
692 772 760 805 Sed
797 771 878 803 haec
912 783 980 803 non
1022 770 1161 802 omnino
1197 765 1322 803 similia·

191 831 343 875 exempla
366 833 513 876 putanda
544 842 620 865 sunt
650 834 691 866 de
722 833 888 866 medicina
917 841 1032 864 sancto
1056 832 1198 876 Spiritui
1227 845 1320 864 com-

190 902 320 936 parata;
353 894 411 926 sed
443 895 483 926 ad
507 895 572 926 hoc
596 896 833 927 tantummodo
860 894 1170 938 comprobandum,
1195 893 1274 938 quia
1285 894 1319 938 ³)

190 967 260 986 non
286 955 446 987 continuo
473 968 596 1000 corpus
619 957 805 1001 putandum
832 965 880 988 est
903 956 956 996 id,
989 954 1080 1001 cujus
1104 954 1318 999 participatio

190 1015 332 1048 habetur
353 1029 371 1048 a
394 1016 559 1061 plurimis.
604 1017 749 1061 Spiritus
774 1017 862 1049 enim
886 1026 1017 1049 sanctus
1038 1017 1136 1059 longe
1161 1018 1279 1050 differt
1302 1030 1320 1049 a

190 1077 373 1110 medicinae
404 1077 534 1110 ratione
567 1078 619 1110 vel
651 1078 845 1123 disciplina,
877 1091 939 1122 pro
966 1091 1026 1120 eo,
1057 1079 1150 1122 quod
1175 1078 1320 1123 Spiritus

190 1148 320 1171 sanctus
352 1140 564 1173 subsistentia
595 1149 644 1173 est
666 1140 916 1179 intellectualis,
948 1149 980 1172 et
1009 1140 1148 1184 proprie
1172 1140 1319 1172 subsistit

193 1209 227 1232 et
250 1210 369 1233 exstat:
394 1201 478 1234 nihil
503 1211 614 1235 autem
640 1202 706 1234 tale
731 1211 780 1234 est
803 1201 980 1234 medicina.

279 1262 312 1295 4.
359 1262 428 1296 Sed
453 1264 494 1296 ad
518 1264 627 1308 ipsum
651 1264 717 1310 jam
743 1277 933 1296 sermonem
950 1262 1124 1304 Evangelii
1146 1272 1320 1295 transeun-

191 1324 271 1355 dum
297 1333 356 1364 est,
379 1325 439 1356 ubi
462 1325 622 1370 scriptum
635 1326 668 1370 ἰ)
695 1335 754 1366 est,
778 1325 856 1370 quia
881 1326 996 1366 „Deus
1020 1323 1155 1369 spiritus
1179 1327 1260 1364 est‚“
1286 1333 1320 1357 et

189 1385 435 1418 ostendendum
459 1395 518 1426 est,
543 1400 643 1431 quam
667 1396 910 1432 consequenter
929 1386 988 1426 his,
1013 1398 1097 1430 quae
1118 1385 1318 1430 diximus‚⁵)

189 1446 332 1488 intelligi
356 1447 485 1482 debeat.
531 1449 779 1491 Interrogemus
802 1461 946 1493 namque
977 1447 1109 1492 quando
1140 1446 1202 1479 ista
1227 1446 1318 1479 dixe-

188 1508 231 1540 rit
255 1508 411 1542 Salvator
432 1519 556 1549 noster,
581 1510 634 1542 vel
658 1511 747 1555 apud
765 1523 875 1555 quem,
902 1509 955 1542 vel
967 1510 1000 1554 ⁶)
1027 1521 1103 1541 cum
1115 1508 1197 1553 quid
1217 1520 1318 1552 quae-

187 1579 326 1603 reretur.
380 1571 573 1604 Invenimus
602 1572 674 1605 sine
714 1572 837 1612 dubio,
876 1571 969 1616 quod
1003 1571 1045 1603 ad
1076 1569 1317 1603 samaritanam

188 1632 366 1665 mulierem
399 1633 541 1678 loquens
576 1633 636 1666 ista
668 1633 867 1678 protulerit,
892 1633 932 1666 ad
959 1645 1042 1679 eam,
1068 1644 1152 1676 quae
1177 1631 1317 1676 putabat

187 1694 280 1738 quod
303 1694 338 1727 in
359 1705 477 1728 monte
507 1695 656 1729 Garizim
684 1695 870 1728 secundum
906 1694 1103 1740 opinionem
1137 1692 1317 1726 Samarita-

281 1807 312 1850 ¹)
338 1806 395 1839 Sic
419 1807 499 1840 IVIss.
530 1807 621 1840 Alias
653 1807 699 1851 (v.
733 1820 761 1839 c.
793 1807 828 1839 in
860 1807 934 1839 edd.
966 1806 1031 1850 M)
1065 1815 1119 1846 „et
1142 1816 1314 1856 nunquam

186 1852 373 1895 putandum
399 1861 457 1891 est,
481 1873 534 1892 —-,
559 1853 651 1896 quod
666 1851 830 1884 medicina
844 1851 984 1892 dicatur,
1010 1870 1062 1892 --,
1088 1859 1120 1882 et
1145 1849 1214 1895 ejus
1238 1861 1316 1893 par·

185 1896 338 1941 ticipium
365 1909 505 1930 sumere.
555 1900 604 1929 An
629 1897 763 1941 potius“
791 1906 852 1929 etc.
878 1897 918 1929 R.

279 1953 311 1996 ²)
336 1952 426 1985 Alias
453 1956 498 1995 (v.
525 1966 552 1984 c.
577 1952 609 1985 in
635 1953 712 1986 edd.
736 1953 802 1996 M.)
829 1951 1028 1993 „dicunturi’
1052 1951 1120 1984 Sed
1139 1951 1222 1983 haec
1246 1962 1315 1982 non

186 1997 280 2029 omni
303 1998 409 2030 modo
433 2017 476 2022 —
501 2007 708 2049 comparata3
733 2018 774 2023 —-
803 1998 862 2030 sed
895 2017 935 2022 —
963 1996 1198 2029 tautummodo
1234 2007 1315 2039 pro-

186 2043 341 2075 bandum.
346 2046 362 2063 “
410 2044 455 2075 At
479 2042 556 2076 Mss.
582 2052 619 2074 ut
642 2056 676 2075 m
699 2052 815 2075 nostro
841 2051 941 2075 textu.
966 2042 1008 2075 R.

277 2099 311 2142 3)
336 2099 399 2131 Ed.
424 2099 474 2131 M.
500 2099 542 2131 11.
571 2099 714 2143 „quodf‘

274 2154 307 2198 ¹²)
332 2154 388 2188 Sic
413 2155 492 2188 Mss.
520 2154 611 2187 Alias
637 2155 682 2198 (v.
709 2168 734 2187 c.
762 2155 794 2187 in
820 2156 896 2188 edd.
919 2155 984 2195 M.)
1012 2152 1196 2198 „scriptum
1220 2152 1312 2196 quod

184 2200 296 2233 Deus“
324 2209 386 2233 etc.
411 2200 450 2232 R.
477 2219 517 2224 —
546 2199 614 2231 Cfr.
641 2212 689 2233 ev.
713 2200 834 2235 Joann.
860 2201 918 2242 IV,
942 2200 995 2233 24.

275 2256 310 2298 ⁵)
333 2255 418 2288 Edd.
444 2255 491 2288 M.
518 2255 795 2299 „praediximus.“

255 2309 261 2315 ”
277 2311 310 2355 ⁶)
334 2311 438 2344 Deest
461 2311 557 2352 „vel“
583 2310 616 2343 in
642 2312 716 2345 edd.
744 2312 789 2344 M.
