1404 2463
191 80 257 114 312
665 84 840 116 Omfflms

195 171 331 215 quod')
363 172 527 215 permittit
559 174 693 218 quidem
719 187 780 207 nos
805 174 937 213 tentari,
975 187 1040 205 non
1072 183 1181 205 tamen
1214 185 1313 216 supra

190 227 227 264 'id
260 233 350 276 quod
382 246 575 277 possumus:
613 249 676 280 pro
709 237 833 269 viribus
868 236 954 268 enim
985 234 1106 268 nostris
1129 243 1312 267 tentamur:

193 306 254 326 nec
279 304 387 326 tamen
412 295 618 340 scriptum2)
644 307 702 336 est,
727 298 804 343 quia
829 298 925 330 faciet
950 297 981 329 in
1007 296 1191 329 tentatione
1215 295 1314 328 etiam

194 356 317 388 exitum
349 358 590 403 sustinendi‚³>
625 361 682 392 sed
715 361 838 392 exitum
870 369 906 392 ut
938 359 1099 392 sustinere
1136 357 1313 402 possimus.

194 418 240 451 Ut
264 432 343 451 vero
369 419 444 458 hoc,
466 433 534 464 quo
560 434 658 465 posse
682 422 780 454 nobis
803 422 872 466 ipse
898 421 1001 461 dedit,
1026 421 1076 452 vel
1094 429 1239 458 strenue,
1262 419 1314 451 vel

193 480 336 522 segniter
358 481 568 526 impleamus,
593 483 627 515 in
651 483 748 516 nobis
773 493 830 516 est.
877 483 1027 515 Dubium
1053 482 1141 514 enim
1165 494 1232 513 non
1259 474 1316 519 est,

194 543 285 586 quod
312 543 346 575 in
379 544 470 576 omni
494 546 678 577 tentatione
710 546 801 578 adest
824 546 921 578 nobis
944 543 1112 576 tolerandi
1136 543 1256 581 virtus,
1290 542 1315 574 si

194 613 303 637 tamen
342 618 402 637 nos
441 616 672 651 competenter
707 616 840 640 utamur
878 607 996 639 virtute
1029 618 1192 638 concessa.
1239 605 1316 637 Non

195 666 284 698 enim
308 668 397 699 idem
423 677 470 700 est
494 668 616 701 habere
641 669 794 702 vincendi
820 669 986 706 virtutem,
1014 677 1046 700 et
1064 667 1206 707 vincere,
1231 667 1317 699 sicut

194 727 265 772 ipse
289 730 462 773 apostolus
487 730 676 763 cautissimo
701 743 854 763 sermone
871 730 1018 772 signavit,
1044 729 1166 768 dicens,
1192 728 1269 773 quia
1283 729 1316 772 1)

197 790 311 829 „dabit
334 791 426 823 Deus
452 791 595 832 exitum,
624 801 661 824 ut
685 792 844 824 sustinere
866 791 1037 836 possitis‚“
1069 803 1138 823 non
1159 801 1196 822 ut
1219 789 1317 822 susti-

194 851 308 884 neatis.
360 853 458 885 Multi
499 854 585 885 enim
622 855 735 897 non5)
766 854 943 892 sustinent,
979 854 1036 885 sed
1071 854 1105 884 in
1134 853 1317 886 tentatione

194 913 381 947 vincuntur.
429 917 456 948 A
491 916 567 947 Deo
606 925 716 947 autem
755 916 866 954 datur,
906 928 974 947 non
1011 923 1048 947 ut
1079 913 1317 954 sustineamus;

195 975 344 1020 alioquin
370 977 500 1009 nullum
524 977 588 1022 jam
614 977 784 1010 videretur
808 990 876 1009 esse
903 986 1088 1008 certamen:
1122 976 1181 1007 sed
1205 983 1242 1007 ut
1265 988 1319 1008 su-

194 1037 314 1069 stinere
340 1039 505 1082 possimus
562 1039 608 1071 Ea
633 1048 742 1071 autem
768 1040 906 1078 virtute,
937 1051 1021 1083 quae
1051 1037 1148 1070 nobis
1172 1037 1247 1069 data
1273 1046 1320 1069 est

197 1109 232 1131 ut
266 1100 396 1132 vincere
427 1101 611 1144 possimus,
647 1102 830 1134 secundum
856 1100 952 1133 liberi
977 1099 1104 1132 arbitrii
1127 1099 1318 1131 facultatem

195 1170 250 1193 aut
276 1162 436 1194 industrie
461 1162 597 1201 utimur,
624 1172 656 1195 et
681 1163 858 1202 vincimus3
877 1172 933 1194 aut
955 1161 1111 1203 segniter,
1135 1169 1168 1193 ct
1184 1172 1317 1205 supera·

195 1236 279 1256 mur.
329 1223 365 1256 Si
396 1224 484 1256 enim
514 1233 625 1257 totum
657 1225 754 1257 nobis
785 1225 848 1256 hoc
878 1224 993 1264 detur,
1023 1232 1061 1255 ut
1085 1222 1177 1255 omni
1201 1234 1320 1264 genere

195 1298 406 1330 superemus,
444 1296 476 1318 et
499 1287 594 1318 nullo
620 1287 724 1318 modo
748 1286 933 1324 vincamur,
969 1298 1051 1329 quae
1082 1284 1147 1330 jam
1171 1293 1322 1329 superest

198 1360 292 1379 causa
319 1349 466 1380 certandi
498 1349 545 1387 ci,
579 1348 636 1392 qui
659 1347 747 1379 vinci
770 1360 838 1379 non
863 1347 998 1391 potest?
1034 1350 1101 1380 Aut
1133 1347 1224 1391 quod
1249 1347 1321 1390 pal-

196 1422 268 1441 mae
300 1409 473 1449 meritum,
511 1409 569 1441 ubi
601 1410 806 1453 repugnandi
844 1409 1002 1441 adimitur
1030 1407 1249 1452 vincendique
1273 1408 1321 1439 fa-

197 1471 323 1504 cultas?
361 1471 396 1504 Si
437 1484 514 1503 vero
545 1483 651 1515 aeque
683 1470 819 1515 quidem
852 1470 1008 1502 omnibus
1037 1469 1134 1502 nobis
1166 1468 1320 1502 vincendi

195 1533 398 1576 possibilitas
421 1533 631 1576 praebeatur,
655 1532 689 1564 in
713 1541 826 1564 nostra
850 1541 961 1564 autern
986 1531 1134 1576 positum
1159 1531 1200 1563 sit
1224 1540 1321 1575 pote-

196 1605 289 1634 state,
314 1596 488 1638 quomodo
514 1595 574 1626 hac
599 1593 822 1638 possibilitate
847 1593 896 1625 uti
921 1594 1111 1632 debeamus,
1136 1592 1170 1625 id
1196 1602 1244 1625 est
1268 1593 1320 1625 vel

197 1657 370 1700 industrie,
395 1657 446 1688 vel
471 1655 624 1698 segniter,
648 1654 732 1700 justa
761 1655 823 1687 erit
847 1655 898 1686 vel
915 1655 992 1687 victi
1009 1655 1118 1699 culpa,
1142 1653 1194 1686 vel
1211 1655 1322 1698 palma

198 1718 342 1750 victoris.
391 1718 494 1760 Igitur
518 1731 555 1749 ex
580 1717 639 1756 his,
665 1730 748 1761 quae
771 1731 834 1762 pro
861 1716 985 1748 viribus
1009 1716 1130 1748 nostris
1155 1716 1321 1760 disputata

199 1789 285 1819 sunt,
311 1780 457 1812 arbitror
480 1780 571 1824 quod
597 1780 768 1811 evidenter
791 1777 957 1823 apparuit,
981 1791 1049 1810 esse
1075 1778 1237 1822 quaedam
1263 1778 1321 1810 de-

292 1911 320 1951 1)
347 1910 452 1942 Deest
479 1909 610 1953 »ψιοόιε
636 1909 669 1940 in
696 1908 747 1940 ed.
772 1907 820 1940 M.
847 1908 888 1939 ll.

290 1966 323 2007 ²)
348 1965 410 1997 Ed.
434 1966 482 1997 M.
510 1965 547 1998 ΙΙ.
575 1965 629 2005 „id
662 1963 821 2008 scriptum
847 1966 928 1994 est.“

290 2024 322 2064 3)
349 2021 481 2054 Omissa
506 2031 581 2053 sunt
607 2021 638 2053 in
665 2019 761 2052 editis
787 2020 831 2062 (v.
859 2032 884 2051 c,
911 2019 986 2050 edd.
1010 2017 1096 2060 M.),
1120 2017 1177 2049 sed
1201 2016 1321 2048 liaben-

201 2077 253 2098 tur
278 2066 310 2097 in
336 2066 414 2099 Mss.
440 2068 553 2098 verba:
583 2064 797 2107 „sustinendi‚
821 2065 878 2096 sed
904 2062 1058 2095 exitum.“
1086 2062 1125 2094 R.

293 2122 324 2164 ³)
351 2122 411 2154 Ed.
438 2122 484 2153 M.
512 2122 553 2153 II.
589 2122 731 2166 „quoda
772 2141 810 2145 —-
854 2120 921 2153 Cfr.
956 2119 964 2150 Ι
993 2118 1071 2151 Cor.
1095 2117 1137 2157 X,
1163 2117 1211 2152 13.
1247 2117 1322 2149 coll.

202 2167 258 2199 lib.
281 2167 322 2200 li.
348 2166 580 2207 Origenianor.
606 2176 730 2211 quaest.
756 2167 826 2198 Vll.
853 2178 942 2197 num.
969 2164 1018 2198 10.

293 2224 326 2266 ⁵)
351 2223 455 2254 Deest
479 2222 511 2254 in
536 2232 631 2254 antea
659 2222 754 2254 editis
780 2223 824 2265 (v.
851 2235 877 2254 c.
904 2220 977 2252 edd.
1005 2218 1087 2263 M),
1119 2219 1176 2251 sed
1201 2217 1323 2262 reperi-

202 2279 254 2300 tur
277 2268 309 2299 in
338 2268 411 2300 Mss.
441 2272 561 2307 „non.“
589 2268 627 2301 R.
