1404 2463
237 79 304 115 228
710 79 885 114 Omessms

244 171 296 203 vel
319 169 502 213 regionem,
525 170 578 202 vel
603 170 831 203 conditionem
855 169 1022 210 nascendi,
1046 169 1099 202 vel
1124 170 1278 215 explendi
1302 171 1362 205 ali-

245 232 325 277 quid
353 232 386 264 in
410 232 474 264 hoc
497 233 624 264 mundo
649 232 831 277 accepisse:
856 245 940 277 quae
955 232 985 275 ²)
1012 231 1122 264 omnia
1139 232 1232 265 Deus
1255 246 1359 277 usque

244 295 286 328 ad
314 294 533 338 minimum²)
565 294 686 327 virtute
717 294 898 339 sapientiae
935 306 1014 326 suae
1052 293 1234 338 providens
1262 303 1361 339 atque

243 356 450 399 dignoscens,
473 355 702 388 moderamine
726 353 842 399 judicii
865 355 914 389 sui
931 354 1128 400 aequissima
1143 355 1364 388 retributione

245 418 397 451 universa
427 417 632 462 disponit,³)
662 426 823 462 quatenus
851 416 1031 462 unicuique
1064 430 1127 462 pro
1158 417 1280 450 merito
1312 418 1365 450 vel

245 479 394 513 succurri
418 480 471 512 vel
496 479 626 512 consuli
651 480 797 512 deberet.
846 480 884 512 In
908 491 974 524 quo
999 479 1155 523 profecto
1181 479 1290 512 omnis
1306 493 1366 512 -ra-

244 541 294 574 tio
319 541 492 586 aequitatis
517 541 716 581 ostenditur,
740 541 820 573 dum
843 540 1065 584 inaequalitas
1088 553 1200 573 rerum
1222 541 1366 574 retribu-

245 602 345 635 tionis
373 602 569 635 meritorum
582 602 615 647 ⁴¹)
647 612 755 635 servat
783 602 996 648 aequitatem.
1044 604 1199 653 Quorum
1227 603 1367 635 merito-

246 678 321 697 rum
351 664 495 697 rationes
526 677 588 709 per
616 664 763 706 singulos
797 676 948 708 quosque
977 665 1161 697 secundum
1193 664 1367 697 veritatem

247 727 327 772 et⁵)
358 727 399 759 ad
432 726 598 772 liquidum
635 726 726 759 solus
756 725 826 770 ipse
859 739 933 759 cum
958 726 1129 768 unigenito
1154 728 1258 760 verbo
1283 717 1365 771 ἑοῦ)

246 786 409 833 sapientia
430 801 488 821 sua
513 797 545 821 et
568 787 698 833 Spiritu
721 797 834 820 sancto
859 787 1080 830 recognoscit.

479 1116 720 1158 CAPUT
778 1115 1132 1157 DECIMUM.

247 1218 301 1251 De
316 1219 348 1264 ⁷)
371 1217 615 1251 resurrectione
640 1226 671 1250 et
694 1215 838 1263 judicio,
863 1216 904 1249 de
927 1216 1001 1259 igne
1024 1215 1166 1257 inferni,
1189 1225 1222 1250 et
1238 1216 1366 1262 poenis.

335 1308 365 1342 1.
413 1308 481 1342 Sed
513 1307 671 1353 quoniam
703 1320 765 1339 nos
798 1319 908 1339 sermo
943 1307 1152 1340 commonuit
1176 1308 1217 1340 de
1240 1306 1367 1353 judicio

249 1372 380 1410 futuro,
406 1379 438 1402 et
461 1370 502 1402 de
526 1369 765 1409 retributione,
797 1381 834 1401 ac
858 1368 1029 1413 suppliciis
1052 1378 1286 1413 peccatorum,
1317 1381 1368 1401 se-

250 1434 396 1467 cundum
422 1432 513 1476 quod
540 1430 786 1464 comminantur
809 1439 940 1462 sanctae
965 1429 1176 1475 Scripturae,
1206 1440 1239 1463 et
1263 1430 1368 1463 eccle-

248 1495 376 1529 siastica
412 1492 617 1539 praedicatio
657 1491 823 1532 continet,
861 1504 900 1523 eo
940 1492 1031 1536 quod
1066 1491 1184 1537 judicii
1214 1501 1369 1537 tempore

344 1665 376 1708 ¹)
400 1663 486 1696 Edd.
510 1662 559 1695 M.
586 1661 729 1705 »quod.“
1045 1705 1048 1706 ⁷

340 1721 374 1763 2)
400 1719 456 1753 Sic
479 1718 558 1750 Mss.
584 1715 674 1748 Alias
697 1717 742 1759 (v.
768 1728 796 1749 c.
822 1715 856 1748 in
881 1716 956 1750 edd.
981 1716 1046 1759 M.)
1073 1718 1302 1747 »numerum.“
1327 1714 1367 1746 R.

341 1777 375 1819 ³)
399 1774 462 1851 Edi
486 1772 847 1852 Qilllhgssisqzsuitm
871 1792 912 1797 -
935 1771 1023 1804 Vide
1047 1770 1105 1805 lib.
1129 1771 1173 1804 ΙΙ.
1197 1770 1371 1813 Origenia-

249 1835 321 1855 ΠΟΥ.
342 1833 503 1921 ῧυῖξὲἐεῑ
534 1875 566 1907 in
597 1873 766 1918 prioribus
791 1873 866 1906 edd.
892 1874 937 1917 (V.
965 1886 993 1906 c.
1018 1873 1093 1906 edd.
1118 1872 1201 1917 M),
1233 1872 1312 1905 licet
1334 1871 1368 1904 in

253 1923 406 1956 omnibus
431 1920 616 1965 reperiatur
640 1919 721 1952 Mss.
747 1918 996 1960 „meritorum.«
1025 1919 1051 1951 R

341 1979 374 2022 ⁵)
400 1978 504 2009 Deest
531 1985 602 2007 »et«
627 1974 661 2008 in
687 1975 761 2007 edd.
787 1975 835 2007 M.

340 2034 373 2078 ⁶)
398 2033 485 2065 Edd.
509 2032 557 2064 M.
586 2031 646 2064 »de
670 2029 849 2075 sapientia«
875 2040 938 2066 etc,

345 2090 376 2132 ⁷)
402 2088 486 2120 Edd.
512 2089 560 2120 M.
587 2088 695 2131 Caput
718 2088 760 2120 X.
784 2087 817 2119 in
844 2088 923 2119 duas
951 2086 1153 2120 distribuunt
1175 2094 1297 2130 partes,
1323 2084 1368 2116 ita

250 2135 383 2179 quidem
414 2142 452 2164 ut
476 2133 585 2176 Caput
610 2134 664 2171 X.‚
702 2144 799 2174 agens
830 2134 869 2165 de
898 2135 1144 2166 resurrectione
1173 2138 1204 2164 et
1219 2132 1366 2173 judicio,

249 2192 352 2224 usque
377 2179 417 2210 ad
443 2178 542 2209 finem
568 2191 659 2209 num.
684 2177 714 2212 3.
738 2177 912 2221 pertingat,
938 2178 1046 2221 Caput
1071 2189 1149 2209 vero
1173 2176 1246 2214 XL,
1270 2187 1366 2217 agens

250 2227 288 2258 de
318 2227 394 2268 {qne
416 2225 565 2264 inferni,
598 2229 628 2255 ee
652 2225 770 2266 poenis
799 2221 966 2265 ejusdem,
999 2236 1015 2254 a
1045 2234 1135 2254 num.
1158 2221 1190 2254 4,
1218 2219 1366 2264 incipiat,

249 2280 347 2315 atque
372 2269 411 2301 ad
436 2268 536 2300 finem
562 2280 665 2311 usque
689 2281 778 2300 num.
803 2270 833 2302 8.
861 2268 1062 2300 extendatur.
