<?xml version="1.0" encoding="UTF-8"?>
<!DOCTYPE html PUBLIC "-//W3C//DTD XHTML 1.0 Transitional//EN"
    "http://www.w3.org/TR/xhtml1/DTD/xhtml1-transitional.dtd">
<html xmlns="http://www.w3.org/1999/xhtml" xml:lang="en" lang="en">
 <head>
  <title>
</title>
<meta http-equiv="Content-Type" content="text/html;charset=utf-8" />
  <meta name='ocr-system' content='tesseract 3.04.00' />
  <meta name='ocr-capabilities' content='ocr_page ocr_carea ocr_par ocr_line ocrx_word'/>
</head>
<body>
  <div class='ocr_page' id='page_1' title='image "./operaomniaquaegr21orig_0368.png"; bbox 0 0 1404 2463; ppageno 0'>
   <div class='ocr_carea' id='block_1_1' title="bbox 165 114 827 152">
    <p class='ocr_par' dir='ltr' id='par_1_1' title="bbox 165 114 827 152">
     <span class='ocr_line' id='line_1_1' title="bbox 165 114 827 152; baseline -0.009 -1"><span class='ocrx_word' id='word_1_1' title='bbox 165 117 231 152; x_wconf 79' lang='lat'>354</span> <span class='ocrx_word' id='word_1_2' title='bbox 649 114 827 147; x_wconf 49' lang='lat' dir='ltr'>Omoemus</span> 
     </span>
    </p>
   </div>
   <div class='ocr_carea' id='block_1_2' title="bbox 170 201 1330 1472">
    <p class='ocr_par' dir='ltr' id='par_1_2' title="bbox 170 201 1330 1472">
     <span class='ocr_line' id='line_1_2' title="bbox 258 201 1313 247; baseline -0.002 -10"><span class='ocrx_word' id='word_1_3' title='bbox 258 204 288 238; x_wconf 81' lang='grc'>7.</span> <span class='ocrx_word' id='word_1_4' title='bbox 335 204 462 236; x_wconf 79' lang='lat' dir='ltr'>Verum</span> <span class='ocrx_word' id='word_1_5' title='bbox 494 203 607 235; x_wconf 84' lang='lat' dir='ltr'>nescio</span> <span class='ocrx_word' id='word_1_6' title='bbox 642 216 712 247; x_wconf 91' lang='lat' dir='ltr'>quo</span> <span class='ocrx_word' id='word_1_7' title='bbox 736 212 837 247; x_wconf 82' lang='lat' dir='ltr'>pacto</span> <span class='ocrx_word' id='word_1_8' title='bbox 863 201 1042 244; x_wconf 75' lang='lat' dir='ltr'>haeretici,</span> <span class='ocrx_word' id='word_1_9' title='bbox 1072 215 1142 235; x_wconf 90' lang='lat' dir='ltr'>non</span> <span class='ocrx_word' id='word_1_10' title='bbox 1159 203 1190 247; x_wconf 92' lang='grc' dir='ltr'>Ι)</span> <span class='ocrx_word' id='word_1_11' title='bbox 1215 203 1313 235; x_wconf 86' lang='lat' dir='ltr'>intel—</span> 
     </span>
     <span class='ocr_line' id='line_1_3' title="bbox 170 263 1315 309; baseline 0 -12"><span class='ocrx_word' id='word_1_12' title='bbox 170 265 308 307; x_wconf 88' lang='lat' dir='ltr'>ligentes</span> <span class='ocrx_word' id='word_1_13' title='bbox 333 264 480 309; x_wconf 81' lang='lat' dir='ltr'>apostoli</span> <span class='ocrx_word' id='word_1_14' title='bbox 515 276 668 306; x_wconf 73' lang='lat' dir='ltr'>sensum,</span> <span class='ocrx_word' id='word_1_15' title='bbox 700 264 758 308; x_wconf 87' lang='lat' dir='ltr'>qui</span> <span class='ocrx_word' id='word_1_16' title='bbox 785 263 835 296; x_wconf 72' lang='lat' dir='ltr'>his</span> <span class='ocrx_word' id='word_1_17' title='bbox 861 263 970 297; x_wconf 73' lang='lat' dir='ltr'>verbis</span> <span class='ocrx_word' id='word_1_18' title='bbox 996 263 1207 304; x_wconf 74' lang='lat' dir='ltr'>continetur,</span> <span class='ocrx_word' id='word_1_19' title='bbox 1236 265 1315 297; x_wconf 85' lang='lat' dir='ltr'>sub-</span> 
     </span>
     <span class='ocr_line' id='line_1_4' title="bbox 170 325 1314 372; baseline -0.002 -12"><span class='ocrx_word' id='word_1_20' title='bbox 170 326 325 372; x_wconf 70' lang='lat' dir='ltr'>jectionis</span> <span class='ocrx_word' id='word_1_21' title='bbox 355 326 388 359; x_wconf 79' lang='lat' dir='ltr'>in</span> <span class='ocrx_word' id='word_1_22' title='bbox 415 326 507 358; x_wconf 79' lang='lat' dir='ltr'>Filio</span> <span class='ocrx_word' id='word_1_23' title='bbox 540 338 664 358; x_wconf 89' lang='lat' dir='ltr'>nomen</span> <span class='ocrx_word' id='word_1_24' title='bbox 690 325 870 358; x_wconf 75' lang='lat' dir='ltr'>infamant:</span> <span class='ocrx_word' id='word_1_25' title='bbox 907 325 1001 370; x_wconf 78' lang='lat' dir='ltr'>cujus</span> <span class='ocrx_word' id='word_1_26' title='bbox 1026 325 1264 370; x_wconf 67' lang='lat' dir='ltr'><strong>appellationis</strong></span> <span class='ocrx_word' id='word_1_27' title='bbox 1288 326 1314 358; x_wconf 88' lang='lat' dir='ltr'>si</span> 
     </span>
     <span class='ocr_line' id='line_1_5' title="bbox 170 386 1316 432; baseline -0.003 -12"><span class='ocrx_word' id='word_1_28' title='bbox 170 387 362 432; x_wconf 76' lang='lat' dir='ltr'>proprietas</span> <span class='ocrx_word' id='word_1_29' title='bbox 376 387 410 431; x_wconf 84' lang='lat'>²)</span> <span class='ocrx_word' id='word_1_30' title='bbox 436 386 638 432; x_wconf 70' lang='lat' dir='ltr'>requiritur,</span> <span class='ocrx_word' id='word_1_31' title='bbox 669 400 706 420; x_wconf 87' lang='lat' dir='ltr'>ex</span> <span class='ocrx_word' id='word_1_32' title='bbox 739 387 916 420; x_wconf 69' lang='lat' dir='ltr'>contrariis</span> <span class='ocrx_word' id='word_1_33' title='bbox 948 387 1048 420; x_wconf 86' lang='lat' dir='ltr'>facile</span> <span class='ocrx_word' id='word_1_34' title='bbox 1071 387 1198 431; x_wconf 83' lang='lat' dir='ltr'>poterit</span> <span class='ocrx_word' id='word_1_35' title='bbox 1222 386 1316 419; x_wconf 87' lang='lat' dir='ltr'>inve-</span> 
     </span>
     <span class='ocr_line' id='line_1_6' title="bbox 171 448 1316 493; baseline -0.001 -12"><span class='ocrx_word' id='word_1_36' title='bbox 171 449 248 482; x_wconf 90' lang='lat' dir='ltr'>niri.</span> <span class='ocrx_word' id='word_1_37' title='bbox 296 450 382 482; x_wconf 85' lang='lat' dir='ltr'>Nam</span> <span class='ocrx_word' id='word_1_38' title='bbox 415 448 486 492; x_wconf 76' lang='lat'><strong>⁵⁸13)</strong></span> <span class='ocrx_word' id='word_1_39' title='bbox 518 448 708 493; x_wconf 77' lang='lat' dir='ltr'>subjectum</span> <span class='ocrx_word' id='word_1_40' title='bbox 741 461 811 481; x_wconf 84' lang='lat' dir='ltr'>esse</span> <span class='ocrx_word' id='word_1_41' title='bbox 843 462 912 481; x_wconf 93' lang='lat' dir='ltr'>nou</span> <span class='ocrx_word' id='word_1_42' title='bbox 947 458 996 482; x_wconf 85' lang='lat' dir='ltr'>est</span> <span class='ocrx_word' id='word_1_43' title='bbox 1030 449 1178 488; x_wconf 87' lang='lat' dir='ltr'>bonum,</span> <span class='ocrx_word' id='word_1_44' title='bbox 1213 456 1316 482; x_wconf 84' lang='lat' dir='ltr'>restat</span> 
     </span>
     <span class='ocr_line' id='line_1_7' title="bbox 173 509 1317 556; baseline -0.002 -13"><span class='ocrx_word' id='word_1_45' title='bbox 173 519 211 543; x_wconf 86' lang='lat' dir='ltr'>ut</span> <span class='ocrx_word' id='word_1_46' title='bbox 235 510 333 550; x_wconf 76' lang='lat' dir='ltr'>illud,</span> <span class='ocrx_word' id='word_1_47' title='bbox 360 509 454 556; x_wconf 87' lang='lat' dir='ltr'>quod</span> <span class='ocrx_word' id='word_1_48' title='bbox 479 509 685 542; x_wconf 82' lang='lat' dir='ltr'>contrarium</span> <span class='ocrx_word' id='word_1_49' title='bbox 711 520 772 552; x_wconf 83' lang='lat' dir='ltr'>est,</span> <span class='ocrx_word' id='word_1_50' title='bbox 797 511 926 542; x_wconf 85' lang='lat' dir='ltr'>bonurn</span> <span class='ocrx_word' id='word_1_51' title='bbox 947 509 1000 549; x_wconf 83' lang='lat' dir='ltr'>sit,</span> <span class='ocrx_word' id='word_1_52' title='bbox 1024 510 1059 543; x_wconf 88' lang='lat' dir='ltr'>id</span> <span class='ocrx_word' id='word_1_53' title='bbox 1077 519 1136 551; x_wconf 80' lang='lat' dir='ltr'>est,</span> <span class='ocrx_word' id='word_1_54' title='bbox 1160 522 1229 541; x_wconf 92' lang='lat' dir='ltr'>non</span> <span class='ocrx_word' id='word_1_55' title='bbox 1246 510 1317 542; x_wconf 73' lang='lat' dir='ltr'>es&#39;se</span> 
     </span>
     <span class='ocr_line' id='line_1_8' title="bbox 174 569 1316 617; baseline -0.001 -14"><span class='ocrx_word' id='word_1_56' title='bbox 174 571 377 617; x_wconf 78' lang='lat' dir='ltr'>subjectum.</span> <span class='ocrx_word' id='word_1_57' title='bbox 424 571 546 605; x_wconf 79' lang='lat' dir='ltr'>Sermo</span> <span class='ocrx_word' id='word_1_58' title='bbox 578 583 724 615; x_wconf 84' lang='lat' dir='ltr'>namque</span> <span class='ocrx_word' id='word_1_59' title='bbox 756 571 906 616; x_wconf 80' lang='lat' dir='ltr'>apostoli</span> <span class='ocrx_word' id='word_1_60' title='bbox 932 572 1117 604; x_wconf 86' lang='lat' dir='ltr'>secundum</span> <span class='ocrx_word' id='word_1_61' title='bbox 1143 571 1238 615; x_wconf 89' lang='lat' dir='ltr'>quod</span> <span class='ocrx_word' id='word_1_62' title='bbox 1261 569 1316 603; x_wconf 88' lang='lat' dir='ltr'>isti</span> 
     </span>
     <span class='ocr_line' id='line_1_9' title="bbox 175 631 1315 677; baseline -0.001 -13"><span class='ocrx_word' id='word_1_63' title='bbox 175 632 351 675; x_wconf 76' lang='lat' dir='ltr'>volunt,⁴)</span> <span class='ocrx_word' id='word_1_64' title='bbox 375 631 440 664; x_wconf 86' lang='lat' dir='ltr'>hoc</span> <span class='ocrx_word' id='word_1_65' title='bbox 474 632 609 664; x_wconf 87' lang='lat' dir='ltr'>videtur</span> <span class='ocrx_word' id='word_1_66' title='bbox 634 632 831 673; x_wconf 81' lang='lat' dir='ltr'><strong>ostendere,</strong></span> <span class='ocrx_word' id='word_1_67' title='bbox 868 633 948 665; x_wconf 88' lang='lat' dir='ltr'>dum</span> <span class='ocrx_word' id='word_1_68' title='bbox 963 633 995 677; x_wconf 84' lang='lat'>⁵)</span> <span class='ocrx_word' id='word_1_69' title='bbox 1022 631 1120 664; x_wconf 86' lang='lat' dir='ltr'>dicit:</span> <span class='ocrx_word' id='word_1_70' title='bbox 1158 631 1315 675; x_wconf 78' lang='lat' dir='ltr'>„Cum⁶)</span> 
     </span>
     <span class='ocr_line' id='line_1_10' title="bbox 175 691 1318 738; baseline 0 -14"><span class='ocrx_word' id='word_1_71' title='bbox 175 702 288 725; x_wconf 88' lang='lat' dir='ltr'>autem</span> <span class='ocrx_word' id='word_1_72' title='bbox 314 692 345 725; x_wconf 87' lang='lat' dir='ltr'>ei</span> <span class='ocrx_word' id='word_1_73' title='bbox 369 691 519 738; x_wconf 82' lang='lat' dir='ltr'>subjecta</span> <span class='ocrx_word' id='word_1_74' title='bbox 546 693 672 726; x_wconf 87' lang='lat' dir='ltr'>suerint</span> <span class='ocrx_word' id='word_1_75' title='bbox 697 693 821 735; x_wconf 75' lang='lat' dir='ltr'>omnia,</span> <span class='ocrx_word' id='word_1_76' title='bbox 846 703 925 726; x_wconf 85' lang='lat' dir='ltr'>tunc</span> <span class='ocrx_word' id='word_1_77' title='bbox 952 702 983 726; x_wconf 84' lang='lat' dir='ltr'>et</span> <span class='ocrx_word' id='word_1_78' title='bbox 1008 693 1080 737; x_wconf 89' lang='lat' dir='ltr'>ipse</span> <span class='ocrx_word' id='word_1_79' title='bbox 1104 692 1215 726; x_wconf 76' lang='lat' dir='ltr'>Filius</span> <span class='ocrx_word' id='word_1_80' title='bbox 1238 692 1318 724; x_wconf 84' lang='lat' dir='ltr'>sub·</span> 
     </span>
     <span class='ocr_line' id='line_1_11' title="bbox 175 753 1319 800; baseline -0.001 -13"><span class='ocrx_word' id='word_1_81' title='bbox 175 754 282 800; x_wconf 68' lang='lat' dir='ltr'>iectus</span> <span class='ocrx_word' id='word_1_82' title='bbox 314 754 377 786; x_wconf 85' lang='lat' dir='ltr'>erit</span> <span class='ocrx_word' id='word_1_83' title='bbox 409 754 458 794; x_wconf 80' lang='lat' dir='ltr'>ei,</span> <span class='ocrx_word' id='word_1_84' title='bbox 497 754 553 799; x_wconf 89' lang='lat' dir='ltr'>qui</span> <span class='ocrx_word' id='word_1_85' title='bbox 585 755 649 787; x_wconf 89' lang='lat' dir='ltr'>sibi</span> <span class='ocrx_word' id='word_1_86' title='bbox 674 754 826 787; x_wconf 72' lang='lat' dir='ltr'>subdidit</span> <span class='ocrx_word' id='word_1_87' title='bbox 850 753 1011 786; x_wconf 64' lang='lat' dir='ltr'>omnim«</span> <span class='ocrx_word' id='word_1_88' title='bbox 1053 754 1135 798; x_wconf 81' lang='lat' dir='ltr'>ut⁷)</span> <span class='ocrx_word' id='word_1_89' title='bbox 1161 753 1255 798; x_wconf 85' lang='lat' dir='ltr'>quasi</span> <span class='ocrx_word' id='word_1_90' title='bbox 1279 753 1319 793; x_wconf 79' lang='lat' dir='ltr'>is,</span> 
     </span>
     <span class='ocr_line' id='line_1_12' title="bbox 178 814 1321 860; baseline 0 -13"><span class='ocrx_word' id='word_1_91' title='bbox 178 815 233 860; x_wconf 88' lang='lat' dir='ltr'>qui</span> <span class='ocrx_word' id='word_1_92' title='bbox 267 828 357 847; x_wconf 88' lang='lat' dir='ltr'>nunc</span> <span class='ocrx_word' id='word_1_93' title='bbox 389 815 482 848; x_wconf 77' lang='lat' dir='ltr'>Patri</span> <span class='ocrx_word' id='word_1_94' title='bbox 512 815 682 857; x_wconf 68' lang='lat' dir='ltr'>subjectus</span> <span class='ocrx_word' id='word_1_95' title='bbox 714 829 783 848; x_wconf 90' lang='lat' dir='ltr'>non</span> <span class='ocrx_word' id='word_1_96' title='bbox 815 815 877 855; x_wconf 77' lang='lat' dir='ltr'>sit,</span> <span class='ocrx_word' id='word_1_97' title='bbox 918 814 1088 859; x_wconf 73' lang='lat' dir='ltr'>subjectus</span> <span class='ocrx_word' id='word_1_98' title='bbox 1119 816 1252 847; x_wconf 76' lang='lat' dir='ltr'>futurus</span> <span class='ocrx_word' id='word_1_99' title='bbox 1277 814 1321 847; x_wconf 82' lang='lat' dir='ltr'>sit</span> 
     </span>
     <span class='ocr_line' id='line_1_13' title="bbox 178 875 1323 920; baseline -0.001 -12"><span class='ocrx_word' id='word_1_100' title='bbox 178 886 269 916; x_wconf 87' lang='lat' dir='ltr'>tunc,</span> <span class='ocrx_word' id='word_1_101' title='bbox 294 888 371 908; x_wconf 83' lang='lat' dir='ltr'>cum</span> <span class='ocrx_word' id='word_1_102' title='bbox 393 876 488 920; x_wconf 86' lang='lat' dir='ltr'>prius</span> <span class='ocrx_word' id='word_1_103' title='bbox 513 876 614 909; x_wconf 84' lang='lat' dir='ltr'>Pater</span> <span class='ocrx_word' id='word_1_104' title='bbox 639 877 670 909; x_wconf 86' lang='lat' dir='ltr'>ei</span> <span class='ocrx_word' id='word_1_105' title='bbox 693 876 848 908; x_wconf 76' lang='lat' dir='ltr'>universa</span> <span class='ocrx_word' id='word_1_106' title='bbox 872 875 1065 920; x_wconf 76' lang='lat' dir='ltr'>subjecerit.</span> <span class='ocrx_word' id='word_1_107' title='bbox 1113 876 1181 908; x_wconf 85' lang='lat' dir='ltr'>Sed</span> <span class='ocrx_word' id='word_1_108' title='bbox 1205 875 1323 915; x_wconf 83' lang='lat' dir='ltr'>miror,</span> 
     </span>
     <span class='ocr_line' id='line_1_14' title="bbox 180 936 1323 981; baseline 0 -12"><span class='ocrx_word' id='word_1_109' title='bbox 180 937 357 981; x_wconf 85' lang='lat' dir='ltr'>quomodo</span> <span class='ocrx_word' id='word_1_110' title='bbox 382 936 494 981; x_wconf 60' lang='lat' dir='ltr'><strong>hocss)</strong></span> <span class='ocrx_word' id='word_1_111' title='bbox 520 937 662 980; x_wconf 85' lang='lat' dir='ltr'>intelligi</span> <span class='ocrx_word' id='word_1_112' title='bbox 687 936 814 981; x_wconf 80' lang='lat' dir='ltr'>possit,</span> <span class='ocrx_word' id='word_1_113' title='bbox 846 946 884 969; x_wconf 89' lang='lat' dir='ltr'>ut</span> <span class='ocrx_word' id='word_1_114' title='bbox 908 936 953 979; x_wconf 74' lang='lat' dir='ltr'>is,</span> <span class='ocrx_word' id='word_1_115' title='bbox 990 937 1047 981; x_wconf 85' lang='lat' dir='ltr'>qui</span> <span class='ocrx_word' id='word_1_116' title='bbox 1080 938 1234 970; x_wconf 90' lang='lat' dir='ltr'>nondum</span> <span class='ocrx_word' id='word_1_117' title='bbox 1258 937 1323 969; x_wconf 81' lang='lat' dir='ltr'>sibi</span> 
     </span>
     <span class='ocr_line' id='line_1_15' title="bbox 180 997 1324 1044; baseline 0 -14"><span class='ocrx_word' id='word_1_118' title='bbox 180 998 340 1044; x_wconf 77' lang='lat' dir='ltr'>subjectis</span> <span class='ocrx_word' id='word_1_119' title='bbox 367 997 524 1031; x_wconf 85' lang='lat' dir='ltr'>omnibus</span> <span class='ocrx_word' id='word_1_120' title='bbox 548 1012 617 1031; x_wconf 93' lang='lat' dir='ltr'>non</span> <span class='ocrx_word' id='word_1_121' title='bbox 643 1008 692 1032; x_wconf 82' lang='lat' dir='ltr'>est</span> <span class='ocrx_word' id='word_1_122' title='bbox 716 999 788 1043; x_wconf 82' lang='lat' dir='ltr'>ipse</span> <span class='ocrx_word' id='word_1_123' title='bbox 812 997 1000 1044; x_wconf 83' lang='lat' dir='ltr'>subjectus,</span> <span class='ocrx_word' id='word_1_124' title='bbox 1036 1007 1117 1030; x_wconf 81' lang='lat' dir='ltr'>tunc</span> <span class='ocrx_word' id='word_1_125' title='bbox 1141 1011 1217 1031; x_wconf 88' lang='lat' dir='ltr'>cum</span> <span class='ocrx_word' id='word_1_126' title='bbox 1245 999 1324 1031; x_wconf 79' lang='lat' dir='ltr'>sub·</span> 
     </span>
     <span class='ocr_line' id='line_1_16' title="bbox 183 1059 1325 1103; baseline 0 -11"><span class='ocrx_word' id='word_1_127' title='bbox 183 1059 269 1103; x_wconf 70' lang='lat' dir='ltr'>jecta</span> <span class='ocrx_word' id='word_1_128' title='bbox 294 1059 422 1092; x_wconf 84' lang='lat' dir='ltr'>suerint</span> <span class='ocrx_word' id='word_1_129' title='bbox 448 1059 510 1092; x_wconf 85' lang='lat' dir='ltr'>sibi</span> <span class='ocrx_word' id='word_1_130' title='bbox 539 1061 669 1101; x_wconf 85' lang='lat' dir='ltr'>omnia,</span> <span class='ocrx_word' id='word_1_131' title='bbox 697 1073 773 1093; x_wconf 89' lang='lat' dir='ltr'>cum</span> <span class='ocrx_word' id='word_1_132' title='bbox 798 1072 855 1092; x_wconf 88' lang='lat' dir='ltr'>rex</span> <span class='ocrx_word' id='word_1_133' title='bbox 881 1059 1034 1092; x_wconf 79' lang='lat' dir='ltr'>omnium</span> <span class='ocrx_word' id='word_1_134' title='bbox 1058 1059 1181 1098; x_wconf 82' lang='lat' dir='ltr'>fuerit,</span> <span class='ocrx_word' id='word_1_135' title='bbox 1205 1067 1239 1092; x_wconf 90' lang='lat' dir='ltr'>et</span> <span class='ocrx_word' id='word_1_136' title='bbox 1263 1072 1325 1103; x_wconf 86' lang='lat' dir='ltr'>po-</span> 
     </span>
     <span class='ocr_line' id='line_1_17' title="bbox 183 1120 1324 1166; baseline 0 -13"><span class='ocrx_word' id='word_1_137' title='bbox 183 1130 338 1154; x_wconf 74' lang='lat' dir='ltr'>testatem</span> <span class='ocrx_word' id='word_1_138' title='bbox 370 1121 518 1153; x_wconf 83' lang='lat' dir='ltr'>tenuerit</span> <span class='ocrx_word' id='word_1_139' title='bbox 550 1121 805 1161; x_wconf 84' lang='lat' dir='ltr'>universosum,</span> <span class='ocrx_word' id='word_1_140' title='bbox 841 1130 922 1154; x_wconf 93' lang='lat' dir='ltr'>tunc</span> <span class='ocrx_word' id='word_1_141' title='bbox 962 1133 1039 1153; x_wconf 91' lang='lat' dir='ltr'>eum</span> <span class='ocrx_word' id='word_1_142' title='bbox 1076 1120 1324 1166; x_wconf 73' lang='lat' dir='ltr'>subjiciendum</span> 
     </span>
     <span class='ocr_line' id='line_1_18' title="bbox 183 1182 1328 1228; baseline 0 -14"><span class='ocrx_word' id='word_1_143' title='bbox 183 1191 323 1226; x_wconf 85' lang='lat' dir='ltr'>putent,</span> <span class='ocrx_word' id='word_1_144' title='bbox 356 1195 433 1214; x_wconf 92' lang='lat' dir='ltr'>cum</span> <span class='ocrx_word' id='word_1_145' title='bbox 457 1182 629 1228; x_wconf 84' lang='lat' dir='ltr'>subjectus</span> <span class='ocrx_word' id='word_1_146' title='bbox 655 1192 730 1215; x_wconf 82' lang='lat' dir='ltr'>ante</span> <span class='ocrx_word' id='word_1_147' title='bbox 753 1195 822 1215; x_wconf 90' lang='lat' dir='ltr'>non</span> <span class='ocrx_word' id='word_1_148' title='bbox 847 1183 966 1215; x_wconf 86' lang='lat' dir='ltr'>fuerit:</span> <span class='ocrx_word' id='word_1_149' title='bbox 996 1195 1065 1215; x_wconf 91' lang='lat' dir='ltr'>non</span> <span class='ocrx_word' id='word_1_150' title='bbox 1090 1182 1328 1224; x_wconf 68' lang='lat' dir='ltr'>inteiligentes‚</span> 
     </span>
     <span class='ocr_line' id='line_1_19' title="bbox 186 1241 1327 1288; baseline 0.001 -13"><span class='ocrx_word' id='word_1_151' title='bbox 186 1244 280 1288; x_wconf 89' lang='lat' dir='ltr'>quod</span> <span class='ocrx_word' id='word_1_152' title='bbox 305 1243 473 1288; x_wconf 78' lang='lat' dir='ltr'>subjectio</span> <span class='ocrx_word' id='word_1_153' title='bbox 501 1244 626 1277; x_wconf 83' lang='lat' dir='ltr'>Christi</span> <span class='ocrx_word' id='word_1_154' title='bbox 651 1245 693 1277; x_wconf 92' lang='lat' dir='ltr'>ad</span> <span class='ocrx_word' id='word_1_155' title='bbox 718 1244 853 1277; x_wconf 86' lang='lat' dir='ltr'>Patrem</span> <span class='ocrx_word' id='word_1_156' title='bbox 878 1243 1123 1276; x_wconf 86' lang='lat' dir='ltr'>beatitudinem</span> <span class='ocrx_word' id='word_1_157' title='bbox 1135 1241 1169 1287; x_wconf 81' lang='lat'>⁹)</span> <span class='ocrx_word' id='word_1_158' title='bbox 1193 1252 1327 1276; x_wconf 82' lang='lat' dir='ltr'>nostrae</span> 
     </span>
     <span class='ocr_line' id='line_1_20' title="bbox 186 1304 1328 1349; baseline 0.001 -13"><span class='ocrx_word' id='word_1_159' title='bbox 186 1304 408 1349; x_wconf 81' lang='lat' dir='ltr'>perfectionis</span> <span class='ocrx_word' id='word_1_160' title='bbox 440 1305 604 1345; x_wconf 80' lang='lat' dir='ltr'>ostendit,</span> <span class='ocrx_word' id='word_1_161' title='bbox 642 1315 676 1337; x_wconf 86' lang='lat' dir='ltr'>et</span> <span class='ocrx_word' id='word_1_162' title='bbox 707 1305 855 1349; x_wconf 81' lang='lat' dir='ltr'>suscepti</span> <span class='ocrx_word' id='word_1_163' title='bbox 886 1306 927 1337; x_wconf 86' lang='lat' dir='ltr'>ab</span> <span class='ocrx_word' id='word_1_164' title='bbox 961 1317 1002 1337; x_wconf 93' lang='lat' dir='ltr'>eo</span> <span class='ocrx_word' id='word_1_165' title='bbox 1035 1305 1148 1349; x_wconf 86' lang='lat' dir='ltr'>operis</span> <span class='ocrx_word' id='word_1_166' title='bbox 1179 1305 1328 1349; x_wconf 88' lang='lat' dir='ltr'>palmam</span> 
     </span>
     <span class='ocr_line' id='line_1_21' title="bbox 186 1366 1330 1408; baseline 0 -10"><span class='ocrx_word' id='word_1_167' title='bbox 186 1366 352 1407; x_wconf 78' lang='lat' dir='ltr'>declarat,</span> <span class='ocrx_word' id='word_1_168' title='bbox 391 1379 468 1397; x_wconf 90' lang='lat' dir='ltr'>cum</span> <span class='ocrx_word' id='word_1_169' title='bbox 500 1379 569 1398; x_wconf 90' lang='lat' dir='ltr'>non</span> <span class='ocrx_word' id='word_1_170' title='bbox 600 1366 712 1398; x_wconf 87' lang='lat' dir='ltr'>solum</span> <span class='ocrx_word' id='word_1_171' title='bbox 744 1366 882 1408; x_wconf 86' lang='lat' dir='ltr'>regendi</span> <span class='ocrx_word' id='word_1_172' title='bbox 906 1379 944 1398; x_wconf 92' lang='lat' dir='ltr'>ac</span> <span class='ocrx_word' id='word_1_173' title='bbox 967 1366 1129 1408; x_wconf 87' lang='lat' dir='ltr'>regnandi</span> <span class='ocrx_word' id='word_1_174' title='bbox 1152 1379 1330 1408; x_wconf 83' lang='lat' dir='ltr'>summam,</span> 
     </span>
     <span class='ocr_line' id='line_1_22' title="bbox 187 1426 1329 1472; baseline 0.001 -13"><span class='ocrx_word' id='word_1_175' title='bbox 187 1427 355 1472; x_wconf 87' lang='lat' dir='ltr'>quam¹⁰)</span> <span class='ocrx_word' id='word_1_176' title='bbox 400 1427 434 1458; x_wconf 80' lang='lat' dir='ltr'>in</span> <span class='ocrx_word' id='word_1_177' title='bbox 476 1426 664 1459; x_wconf 76' lang='lat' dir='ltr'>universam</span> <span class='ocrx_word' id='word_1_178' title='bbox 704 1427 934 1460; x_wconf 79' lang='lat' dir='ltr'>emendaverit</span> <span class='ocrx_word' id='word_1_179' title='bbox 959 1436 1165 1467; x_wconf 86' lang='lat' dir='ltr'>ereaturam,</span> <span class='ocrx_word' id='word_1_180' title='bbox 1212 1441 1329 1460; x_wconf 86' lang='lat' dir='ltr'>verum</span> 
     </span>
    </p>
   </div>
   <div class='ocr_carea' id='block_1_3' title="bbox 189 1487 1330 1534">
    <p class='ocr_par' dir='ltr' id='par_1_3' title="bbox 189 1487 1330 1534">
     <span class='ocr_line' id='line_1_23' title="bbox 189 1487 1330 1534; baseline 0.001 -13"><span class='ocrx_word' id='word_1_181' title='bbox 189 1488 289 1521; x_wconf 86' lang='lat' dir='ltr'>etiam</span> <span class='ocrx_word' id='word_1_182' title='bbox 329 1487 545 1520; x_wconf 76' lang='lat' dir='ltr'>obedientiae</span> <span class='ocrx_word' id='word_1_183' title='bbox 584 1497 617 1520; x_wconf 88' lang='lat' dir='ltr'>et</span> <span class='ocrx_word' id='word_1_184' title='bbox 653 1488 942 1534; x_wconf 72' lang='lat' dir='ltr'>subjectionis¹¹)</span> <span class='ocrx_word' id='word_1_185' title='bbox 975 1498 1128 1522; x_wconf 86' lang='lat' dir='ltr'>correcta</span> <span class='ocrx_word' id='word_1_186' title='bbox 1162 1498 1330 1533; x_wconf 82' lang='lat' dir='ltr'>reparata-</span> 
     </span>
    </p>
   </div>
   <div class='ocr_carea' id='block_1_4' title="bbox 191 1577 1331 1663">
    <p class='ocr_par' dir='ltr' id='par_1_4' title="bbox 191 1565 1334 1663">
     <span class='ocr_line' id='line_1_24' title="bbox 289 1577 1331 1624; baseline 0.003 -14"><span class='ocrx_word' id='word_1_187' title='bbox 289 1580 318 1620; x_wconf 87' lang='lat'>¹)</span> <span class='ocrx_word' id='word_1_188' title='bbox 345 1577 570 1610; x_wconf 83' lang='lat' dir='ltr'>Particulam:</span> <span class='ocrx_word' id='word_1_189' title='bbox 598 1581 720 1618; x_wconf 83' lang='lat' dir='ltr'>„non,“</span> <span class='ocrx_word' id='word_1_190' title='bbox 749 1591 833 1623; x_wconf 91' lang='lat' dir='ltr'>quae</span> <span class='ocrx_word' id='word_1_191' title='bbox 858 1578 893 1611; x_wconf 85' lang='lat' dir='ltr'>in</span> <span class='ocrx_word' id='word_1_192' title='bbox 918 1577 1017 1611; x_wconf 85' lang='lat' dir='ltr'>editis</span> <span class='ocrx_word' id='word_1_193' title='bbox 1041 1581 1086 1623; x_wconf 77' lang='grc' dir='ltr'>(ν.</span> <span class='ocrx_word' id='word_1_194' title='bbox 1113 1591 1142 1610; x_wconf 89' lang='lat' dir='ltr'>c.</span> <span class='ocrx_word' id='word_1_195' title='bbox 1168 1579 1246 1613; x_wconf 78' lang='lat' dir='ltr'>edd.</span> <span class='ocrx_word' id='word_1_196' title='bbox 1263 1580 1331 1624; x_wconf 90' lang='lat' dir='ltr'>M.)</span> 
     </span>
     <span class='ocr_line' id='line_1_25' title="bbox 191 1622 697 1663; baseline -0.002 -7"><span class='ocrx_word' id='word_1_197' title='bbox 191 1624 318 1663; x_wconf 85' lang='lat' dir='ltr'>deerat,</span> <span class='ocrx_word' id='word_1_198' title='bbox 343 1622 525 1655; x_wconf 78' lang='lat' dir='ltr'>restituunt</span> <span class='ocrx_word' id='word_1_199' title='bbox 549 1623 629 1655; x_wconf 87' lang='lat' dir='ltr'><strong>Mss.</strong></span> <span class='ocrx_word' id='word_1_200' title='bbox 656 1623 697 1655; x_wconf 85' lang='lat' dir='ltr'>R.</span> 
     </span>
    </p>
   </div>
   <div class='ocr_carea' id='block_1_5' title="bbox 193 1678 1335 1936">
    <p class='ocr_par' dir='ltr' id='par_1_5' title="bbox 285 1678 1285 1723">
     <span class='ocr_line' id='line_1_26' title="bbox 285 1678 1285 1723; baseline 0.002 -13"><span class='ocrx_word' id='word_1_201' title='bbox 285 1680 318 1723; x_wconf 87' lang='lat'>²)</span> <span class='ocrx_word' id='word_1_202' title='bbox 344 1679 432 1711; x_wconf 88' lang='lat' dir='ltr'>Edd.</span> <span class='ocrx_word' id='word_1_203' title='bbox 459 1678 507 1710; x_wconf 87' lang='lat' dir='ltr'>M.</span> <span class='ocrx_word' id='word_1_204' title='bbox 535 1678 827 1722; x_wconf 84' lang='lat' dir='ltr'>„improprietas.“</span> <span class='ocrx_word' id='word_1_205' title='bbox 945 1678 980 1722; x_wconf 80' lang='lat'>³)</span> <span class='ocrx_word' id='word_1_206' title='bbox 1008 1678 1096 1712; x_wconf 88' lang='lat' dir='ltr'>Edd.</span> <span class='ocrx_word' id='word_1_207' title='bbox 1121 1679 1170 1712; x_wconf 87' lang='lat' dir='ltr'>M.</span> <span class='ocrx_word' id='word_1_208' title='bbox 1197 1683 1285 1721; x_wconf 78' lang='lat' dir='ltr'>„et.“</span> 
     </span>
    </p>

    <p class='ocr_par' dir='ltr' id='par_1_6' title="bbox 193 1733 1332 1878">
     <span class='ocr_line' id='line_1_27' title="bbox 284 1733 1332 1811; baseline 0.003 -46"><span class='ocrx_word' id='word_1_209' title='bbox 284 1734 401 1811; x_wconf 46' lang='grc' dir='ltr'>α)Ι.ὶ5ἰ&lt;;</span> <span class='ocrx_word' id='word_1_210' title='bbox 426 1734 506 1766; x_wconf 85' lang='lat' dir='ltr'><strong>Mss.</strong></span> <span class='ocrx_word' id='word_1_211' title='bbox 540 1734 577 1766; x_wconf 90' lang='lat' dir='ltr'>ln</span> <span class='ocrx_word' id='word_1_212' title='bbox 610 1733 710 1766; x_wconf 83' lang='lat' dir='ltr'>editis</span> <span class='ocrx_word' id='word_1_213' title='bbox 742 1734 788 1778; x_wconf 87' lang='lat' dir='ltr'>(v.</span> <span class='ocrx_word' id='word_1_214' title='bbox 823 1746 848 1766; x_wconf 91' lang='lat' dir='ltr'>c.</span> <span class='ocrx_word' id='word_1_215' title='bbox 875 1734 951 1767; x_wconf 91' lang='lat' dir='ltr'>edd.</span> <span class='ocrx_word' id='word_1_216' title='bbox 976 1734 1043 1778; x_wconf 89' lang='lat' dir='ltr'>M.)</span> <span class='ocrx_word' id='word_1_217' title='bbox 1078 1733 1218 1777; x_wconf 83' lang='lat' dir='ltr'>legitur:</span> <span class='ocrx_word' id='word_1_218' title='bbox 1260 1735 1332 1777; x_wconf 88' lang='lat' dir='ltr'>„di-</span> 
     </span>
     <span class='ocr_line' id='line_1_28' title="bbox 193 1789 1170 1878; baseline 0.001 -12"><span class='ocrx_word' id='word_1_219' title='bbox 193 1789 321 1878; x_wconf 42' lang='lat' dir='ltr'>cuntg)</span> <span class='ocrx_word' id='word_1_220' title='bbox 347 1802 434 1866; x_wconf 46' lang='lat' dir='ltr'>Iidd.</span> <span class='ocrx_word' id='word_1_221' title='bbox 462 1833 508 1866; x_wconf 86' lang='lat' dir='ltr'>M.</span> <span class='ocrx_word' id='word_1_222' title='bbox 536 1837 666 1874; x_wconf 81' lang='lat' dir='ltr'>„curn.“</span> <span class='ocrx_word' id='word_1_223' title='bbox 809 1835 843 1878; x_wconf 84' lang='lat'>⁶)</span> <span class='ocrx_word' id='word_1_224' title='bbox 871 1834 882 1866; x_wconf 82' lang='grc' dir='ltr'>Ι</span> <span class='ocrx_word' id='word_1_225' title='bbox 910 1834 990 1867; x_wconf 87' lang='lat' dir='ltr'>Cor.</span> <span class='ocrx_word' id='word_1_226' title='bbox 1015 1834 1092 1875; x_wconf 87' lang='lat' dir='ltr'>XV,</span> <span class='ocrx_word' id='word_1_227' title='bbox 1115 1834 1170 1869; x_wconf 83' lang='grc'>28.</span> 
     </span>
    </p>

    <p class='ocr_par' dir='ltr' id='par_1_7' title="bbox 287 1889 1335 1936">
     <span class='ocr_line' id='line_1_29' title="bbox 287 1889 1335 1936; baseline 0.003 -14"><span class='ocrx_word' id='word_1_228' title='bbox 287 1889 321 1933; x_wconf 77' lang='lat'>⁷)</span> <span class='ocrx_word' id='word_1_229' title='bbox 347 1889 405 1922; x_wconf 86' lang='lat' dir='ltr'>Sic</span> <span class='ocrx_word' id='word_1_230' title='bbox 429 1890 511 1922; x_wconf 87' lang='lat' dir='ltr'><strong>Mss.</strong></span> <span class='ocrx_word' id='word_1_231' title='bbox 535 1889 628 1922; x_wconf 81' lang='lat' dir='ltr'>Editi</span> <span class='ocrx_word' id='word_1_232' title='bbox 653 1890 702 1934; x_wconf 90' lang='lat' dir='ltr'>(v.</span> <span class='ocrx_word' id='word_1_233' title='bbox 728 1903 755 1923; x_wconf 88' lang='lat' dir='ltr'>c.</span> <span class='ocrx_word' id='word_1_234' title='bbox 781 1891 857 1923; x_wconf 87' lang='lat' dir='ltr'>edd.</span> <span class='ocrx_word' id='word_1_235' title='bbox 883 1890 948 1933; x_wconf 92' lang='lat' dir='ltr'>M)</span> <span class='ocrx_word' id='word_1_236' title='bbox 985 1899 1042 1922; x_wconf 84' lang='lat' dir='ltr'>»ut</span> <span class='ocrx_word' id='word_1_237' title='bbox 1075 1890 1167 1935; x_wconf 81' lang='lat' dir='ltr'>quasi</span> <span class='ocrx_word' id='word_1_238' title='bbox 1198 1890 1244 1932; x_wconf 81' lang='lat' dir='ltr'>is,</span> <span class='ocrx_word' id='word_1_239' title='bbox 1278 1892 1335 1936; x_wconf 87' lang='lat' dir='ltr'>qui</span> 
     </span>
    </p>
   </div>
   <div class='ocr_carea' id='block_1_6' title="bbox 194 1934 1337 2024">
    <p class='ocr_par' dir='ltr' id='par_1_8' title="bbox 194 1934 1337 2024">
     <span class='ocr_line' id='line_1_30' title="bbox 194 1934 1337 1981; baseline 0.003 -15"><span class='ocrx_word' id='word_1_240' title='bbox 194 1947 282 1967; x_wconf 91' lang='lat' dir='ltr'>nunc</span> <span class='ocrx_word' id='word_1_241' title='bbox 306 1934 394 1978; x_wconf 82' lang='lat' dir='ltr'>patri</span> <span class='ocrx_word' id='word_1_242' title='bbox 418 1947 488 1966; x_wconf 92' lang='lat' dir='ltr'>non</span> <span class='ocrx_word' id='word_1_243' title='bbox 512 1934 555 1967; x_wconf 83' lang='lat' dir='ltr'>sit</span> <span class='ocrx_word' id='word_1_244' title='bbox 578 1934 768 1981; x_wconf 81' lang='lat' dir='ltr'>subjectus,</span> <span class='ocrx_word' id='word_1_245' title='bbox 792 1936 925 1967; x_wconf 81' lang='lat' dir='ltr'>futurus</span> <span class='ocrx_word' id='word_1_246' title='bbox 949 1935 990 1967; x_wconf 87' lang='lat' dir='ltr'>sit</span> <span class='ocrx_word' id='word_1_247' title='bbox 1015 1943 1112 1974; x_wconf 86' lang='lat' dir='ltr'>tunc,</span> <span class='ocrx_word' id='word_1_248' title='bbox 1138 1948 1214 1968; x_wconf 88' lang='lat' dir='ltr'>cum</span> <span class='ocrx_word' id='word_1_249' title='bbox 1239 1946 1337 1980; x_wconf 83' lang='lat' dir='ltr'>pater</span> 
     </span>
     <span class='ocr_line' id='line_1_31' title="bbox 196 1979 1217 2024; baseline 0.002 -12"><span class='ocrx_word' id='word_1_250' title='bbox 196 1981 225 2012; x_wconf 84' lang='lat' dir='ltr'>ei</span> <span class='ocrx_word' id='word_1_251' title='bbox 249 1979 426 2011; x_wconf 71' lang='lat' dir='ltr'>universa“</span> <span class='ocrx_word' id='word_1_252' title='bbox 454 1988 517 2012; x_wconf 89' lang='lat' dir='ltr'>etc.</span> <span class='ocrx_word' id='word_1_253' title='bbox 543 1980 584 2015; x_wconf 81' lang='lat' dir='ltr'>R.</span> <span class='ocrx_word' id='word_1_254' title='bbox 679 1979 715 2024; x_wconf 82' lang='lat'>⁸)</span> <span class='ocrx_word' id='word_1_255' title='bbox 739 1980 845 2012; x_wconf 86' lang='lat' dir='ltr'>Deest</span> <span class='ocrx_word' id='word_1_256' title='bbox 870 1980 979 2021; x_wconf 81' lang='lat' dir='ltr'>„hoc“</span> <span class='ocrx_word' id='word_1_257' title='bbox 1005 1979 1039 2012; x_wconf 84' lang='lat' dir='ltr'>in</span> <span class='ocrx_word' id='word_1_258' title='bbox 1064 1981 1140 2013; x_wconf 78' lang='lat' dir='ltr'>edd.</span> <span class='ocrx_word' id='word_1_259' title='bbox 1166 1981 1217 2015; x_wconf 89' lang='lat' dir='ltr'>M.</span> 
     </span>
    </p>
   </div>
   <div class='ocr_carea' id='block_1_7' title="bbox 201 2033 1335 2123">
    <p class='ocr_par' dir='ltr' id='par_1_9' title="bbox 201 2033 1335 2123">
     <span class='ocr_line' id='line_1_32' title="bbox 289 2033 1335 2081; baseline 0.004 -15"><span class='ocrx_word' id='word_1_260' title='bbox 289 2033 322 2073; x_wconf 84' lang='lat'>⁹)</span> <span class='ocrx_word' id='word_1_261' title='bbox 349 2034 524 2067; x_wconf 88' lang='lat' dir='ltr'>Semlerus</span> <span class='ocrx_word' id='word_1_262' title='bbox 549 2035 675 2079; x_wconf 82' lang='lat' dir='ltr'>absque</span> <span class='ocrx_word' id='word_1_263' title='bbox 703 2048 798 2069; x_wconf 86' lang='lat' dir='ltr'>causa</span> <span class='ocrx_word' id='word_1_264' title='bbox 823 2036 1001 2078; x_wconf 84' lang='lat' dir='ltr'>legendum</span> <span class='ocrx_word' id='word_1_265' title='bbox 1028 2048 1099 2068; x_wconf 84' lang='lat' dir='ltr'>esse</span> <span class='ocrx_word' id='word_1_266' title='bbox 1129 2037 1335 2081; x_wconf 84' lang='lat' dir='ltr'>suspicatur:</span> 
     </span>
     <span class='ocr_line' id='line_1_33' title="bbox 201 2078 746 2123; baseline 0.007 -14"><span class='ocrx_word' id='word_1_267' title='bbox 201 2078 439 2119; x_wconf 83' lang='lat' dir='ltr'>„beatitudinis</span> <span class='ocrx_word' id='word_1_268' title='bbox 463 2079 746 2123; x_wconf 77' lang='lat' dir='ltr'>perfectionem.“</span> 
     </span>
    </p>
   </div>
   <div class='ocr_carea' id='block_1_8' title="bbox 197 2133 1336 2267">
    <p class='ocr_par' dir='ltr' id='par_1_10' title="bbox 197 2133 1336 2267">
     <span class='ocr_line' id='line_1_34' title="bbox 272 2133 1336 2180; baseline 0.005 -16"><span class='ocrx_word' id='word_1_269' title='bbox 272 2134 325 2177; x_wconf 84' lang='lat'>¹⁰)</span> <span class='ocrx_word' id='word_1_270' title='bbox 350 2133 443 2166; x_wconf 85' lang='lat' dir='ltr'>Libri</span> <span class='ocrx_word' id='word_1_271' title='bbox 468 2135 549 2167; x_wconf 76' lang='lat' dir='ltr'>editi</span> <span class='ocrx_word' id='word_1_272' title='bbox 575 2137 622 2179; x_wconf 88' lang='lat' dir='ltr'>(v.</span> <span class='ocrx_word' id='word_1_273' title='bbox 649 2149 676 2168; x_wconf 91' lang='lat' dir='ltr'>c.</span> <span class='ocrx_word' id='word_1_274' title='bbox 704 2136 780 2169; x_wconf 90' lang='lat' dir='ltr'>edd.</span> <span class='ocrx_word' id='word_1_275' title='bbox 805 2134 873 2178; x_wconf 85' lang='lat' dir='ltr'>M.)</span> <span class='ocrx_word' id='word_1_276' title='bbox 902 2148 1021 2180; x_wconf 80' lang='lat' dir='ltr'>»quam</span> <span class='ocrx_word' id='word_1_277' title='bbox 1046 2136 1199 2169; x_wconf 84' lang='lat' dir='ltr'>universa</span> <span class='ocrx_word' id='word_1_278' title='bbox 1224 2149 1336 2169; x_wconf 88' lang='lat' dir='ltr'>emen-</span> 
     </span>
     <span class='ocr_line' id='line_1_35' title="bbox 197 2177 1336 2215; baseline 0.005 -6"><span class='ocrx_word' id='word_1_279' title='bbox 197 2177 324 2210; x_wconf 80' lang='lat' dir='ltr'>daverit</span> <span class='ocrx_word' id='word_1_280' title='bbox 356 2187 540 2212; x_wconf 74' lang='lat' dir='ltr'>creatura.«</span> <span class='ocrx_word' id='word_1_281' title='bbox 590 2181 660 2214; x_wconf 91' lang='lat' dir='ltr'>Sed</span> <span class='ocrx_word' id='word_1_282' title='bbox 691 2182 770 2213; x_wconf 80' lang='lat' dir='ltr'><strong>Mss.</strong></span> <span class='ocrx_word' id='word_1_283' title='bbox 803 2190 841 2212; x_wconf 86' lang='lat' dir='ltr'>ut</span> <span class='ocrx_word' id='word_1_284' title='bbox 877 2181 910 2213; x_wconf 82' lang='lat' dir='ltr'>in</span> <span class='ocrx_word' id='word_1_285' title='bbox 941 2190 1057 2213; x_wconf 82' lang='lat' dir='ltr'>nostro</span> <span class='ocrx_word' id='word_1_286' title='bbox 1082 2190 1181 2213; x_wconf 83' lang='lat' dir='ltr'>textu.</span> <span class='ocrx_word' id='word_1_287' title='bbox 1230 2181 1336 2215; x_wconf 82' lang='lat' dir='ltr'>Forte</span> 
     </span>
     <span class='ocr_line' id='line_1_36' title="bbox 197 2223 1290 2267; baseline 0.005 -13"><span class='ocrx_word' id='word_1_288' title='bbox 197 2223 395 2264; x_wconf 84' lang='lat' dir='ltr'>legendum:</span> <span class='ocrx_word' id='word_1_289' title='bbox 424 2237 511 2267; x_wconf 81' lang='lat' dir='ltr'>„qua</span> <span class='ocrx_word' id='word_1_290' title='bbox 533 2225 725 2257; x_wconf 72' lang='lat' dir='ltr'>universam</span> <span class='ocrx_word' id='word_1_291' title='bbox 750 2226 979 2259; x_wconf 82' lang='lat' dir='ltr'>emendaverit</span> <span class='ocrx_word' id='word_1_292' title='bbox 1005 2230 1224 2258; x_wconf 83' lang='lat' dir='ltr'>creaturam.“</span> <span class='ocrx_word' id='word_1_293' title='bbox 1250 2227 1290 2260; x_wconf 85' lang='lat' dir='ltr'>R.</span> 
     </span>
    </p>
   </div>
   <div class='ocr_carea' id='block_1_9' title="bbox 277 2278 822 2321">
    <p class='ocr_par' dir='ltr' id='par_1_11' title="bbox 277 2278 822 2321">
     <span class='ocr_line' id='line_1_37' title="bbox 277 2278 822 2321; baseline 0.006 -11"><span class='ocrx_word' id='word_1_294' title='bbox 277 2279 330 2321; x_wconf 85' lang='lat'>¹¹)</span> <span class='ocrx_word' id='word_1_295' title='bbox 356 2278 446 2311; x_wconf 87' lang='lat' dir='ltr'>Edd.</span> <span class='ocrx_word' id='word_1_296' title='bbox 472 2279 519 2312; x_wconf 82' lang='lat' dir='ltr'>M.</span> <span class='ocrx_word' id='word_1_297' title='bbox 546 2280 822 2320; x_wconf 66' lang='lat' dir='ltr'>„correctionisf‘</span> 
     </span>
    </p>
   </div>
   <div class='ocr_carea' id='block_1_10' title="bbox 1391 173 1404 608">
    <p class='ocr_par' dir='ltr' id='par_1_12' title="bbox 1391 173 1404 608">
     <span class='ocr_line' id='line_1_38' title="bbox 1391 173 1404 608; baseline 0 1855"><span class='ocrx_word' id='word_1_298' title='bbox 1391 173 1404 608; x_wconf 95' lang='lat' dir='ltr'> </span> 
     </span>
    </p>
   </div>
   <div class='ocr_carea' id='block_1_11' title="bbox 1395 641 1398 676">
    <p class='ocr_par' dir='ltr' id='par_1_13' title="bbox 1395 641 1398 676">
     <span class='ocr_line' id='line_1_39' title="bbox 1395 641 1398 676; baseline 0 0"><span class='ocrx_word' id='word_1_299' title='bbox 1395 641 1398 676; x_wconf 72' lang='lat' dir='ltr'>i</span> 
     </span>
    </p>
   </div>
  </div>
 </body>
</html>
