1404 2463
228 63 292 99 130
695 64 871 97 Oammws
1402 58 1404 73 ¹

229 161 324 192 runt,
365 152 425 184 hos
458 152 606 185 malitiae
640 153 750 185 sortiti
780 162 856 185 sunt
886 154 1014 195 gradus.
1069 152 1113 184 Et
1144 160 1192 184 est
1222 150 1351 195 alter')

230 214 292 246 iste
324 214 409 246 ordo
438 214 647 247 rationabilis
678 224 865 254 creaturae,
898 214 954 260 qui
985 227 1019 247 se
1042 214 1087 246 ita
1109 225 1270 258 praeceps
1292 225 1350 244 ne-

229 275 353 320 quitiae
384 276 495 316 dedit,
528 286 564 308 ut
594 277 744 309 revocari
773 277 860 309 nolit
891 275 992 317 magis
1018 289 1116 320 quarn
1144 288 1211 307 non
1235 273 1351 319 possit,

231 337 310 369 dum
340 338 502 370 scelerum
534 338 640 370 rabies
672 337 738 383 jam
768 338 874 370 libido
908 347 974 379 est,
1011 346 1042 369 et
1069 337 1223 369 delectat.
1269 336 1352 368 Ter-

229 399 338 442 tius'2)
364 411 442 430 vero
470 409 636 432 creaturae
661 399 864 432 rationabilis
889 400 974 431 ordo
1003 399 1096 443 est3)
1114 411 1244 438 earum,
1268 410 1351 442 quae

229 460 272 492 ad
304 460 483 493 humanum
516 474 615 503 genus
647 462 845 506 replendum
875 470 971 505 aptae
1003 460 1193 505 judicantur
1222 472 1240 491 a
1262 459 1351 496 Deo,

229 521 264 554 id
291 532 337 554 est
362 522 489 555 animae
513 523 750 567 ltominum‚⁴)
773 536 834 567 per
857 522 1050 567 profectum
1075 521 1174 554 etiam
1198 520 1232 552 in
1255 520 1352 551 illum

230 583 423 624 angelorum
457 585 611 616 ordinem
641 594 820 617 assumtae:
859 597 895 616 ex
931 584 1049 628 quibus
1074 583 1236 627 quosdam
1259 582 1352 613 vide-

231 658 304 677 mus
328 646 464 684 assumi,
490 646 567 678 illos
592 646 764 685 videlicet,
789 646 845 691 qui
870 646 931 677 filii
948 646 1014 677 Dei
1038 645 1116 677 facti
1134 643 1275 683 suerint,
1299 643 1351 674 vel
1403 653 1404 684 t

230 706 290 738 filii
322 707 591 747 resurrectionis,
625 708 723 750 vel⁵)
747 707 800 746 hi,
831 707 887 752 qui
918 707 1159 750 dereliquerint
1189 706 1353 741 tenebras,

230 777 263 800 et
287 768 463 800 dilexerint
488 770 613 809 lucem,
639 779 672 801 et
695 769 774 801 facti
799 770 921 800 fuerint
947 768 1007 800 filii
1032 768 1132 808 lucis;
1156 768 1206 799 vel
1227 767 1271 806 hi,
1295 766 1351 810 qui

232 843 364 862 omnem
390 843 533 874 pugnam
557 840 768 874 superantes,
801 840 833 862 et
856 830 989 875 pacifici
1017 829 1149 868 effecti,
1177 829 1238 860 filii
1262 827 1351 872 pacis

233 901 266 923 et
298 891 359 923 filii
385 892 451 924 Dei
482 892 624 932 fuerint;
656 892 709 924 vel
743 892 799 936 qui
831 892 1070 924 mortificantes
1104 891 1253 923 membra
1283 902 1351 927 sua,

235 966 319 997 quae
350 954 469 997 suntss)
499 967 601 997 super
624 963 763 993 terram,
797 962 829 985 et
864 953 1131 985 transcendentes
1160 953 1276 996 non7)
1299 964 1352 984 so-

231 1015 300 1046 lum
327 1028 526 1059 corpoream
551 1025 723 1057 naturam,
749 1028 863 1047 verum
887 1014 986 1046 etiam
1009 1014 1138 1046 animae
1160 1013 1265 1058 ipsius
1285 1026 1353 1045 am-

230 1075 348 1118 biguos
372 1076 573 1121 fragilesque
597 1086 709 1109 motus
736 1076 947 1122 adjunxerint
969 1089 1004 1108 se
1021 1076 1190 1116 Domino,
1215 1075 1294 1107 facti
1314 1087 1350 1107 cx

232 1138 362 1180 integro
394 1139 547 1183 spiritus,
585 1149 623 1171 ut
655 1139 720 1171 sint
751 1152 825 1170 curn
856 1139 918 1170 illo
943 1152 1029 1170 unus
1052 1138 1187 1181 spiritus
1210 1149 1353 1181 semper,

232 1213 307 1232 cum
342 1200 462 1245 ips08)
499 1200 625 1242 singula
657 1213 808 1244 quaeque
850 1200 1093 1240 discernentes,
1132 1200 1350 1245 usquequo9)

231 1261 425 1306 perveniant
454 1262 488 1294 in
520 1262 600 1302 hoc,
641 1272 677 1294 ut
708 1263 858 1306 perfecte
891 1261 1005 1294 effecti
1029 1261 1217 1305 spirituales
1242 1261 1353 1294 omnia

232 1323 420 1356 discernant
450 1337 511 1368 per
539 1323 621 1364 hoc,
664 1324 757 1368 quod
790 1323 822 1354 in
855 1324 946 1354 omni
978 1323 1150 1355 sanctitate
1174 1323 1352 1356 illuminati

230 1397 326 1417 sensu
350 1398 412 1430 per
435 1386 574 1417 verbum
600 1394 632 1417 et
656 1385 851 1429 sapientiam
869 1384 935 1416 Dei
959 1397 976 1416 a
1000 1385 1095 1416 nullo
1120 1385 1253 1428 penitus
1276 1397 1353 1429 pos-

231 1446 296 1478 sint
320 1447 474 1479 discerni.

333 1593 363 1636 ¹)
388 1592 446 1625 Sic
471 1593 551 1625 Mss.
591 1592 682 1623 Libri
709 1604 786 1623 vero
820 1591 899 1623 editi
927 1592 972 1635 (v,
999 1605 1025 1624 e.
1052 1591 1127 1624 edd.
1154 1591 1219 1634 M.)
1244 1592 1354 1632 „altis-

234 1636 368 1671 simus.“
394 1638 433 1670 R.
529 1639 562 1682 2)
589 1637 657 1670 Cfr.
684 1637 735 1669 ed.
760 1637 888 1680 Redep.
915 1649 986 1680 pag.
1015 1636 1088 1671 158.
1114 1646 1183 1670 not.
1209 1636 1262 1671 34.

324 1694 358 1737 ³)
382 1694 602 1726 Desideratur
628 1697 716 1733 „est“
743 1692 776 1724 iu
800 1693 875 1724 edd.
900 1693 947 1725 M.

325 1749 357 1793 ⁴)
383 1749 440 1782 Sic
457 1750 536 1782 Mss.
562 1749 652 1782 Alias
678 1750 722 1792 (v.
749 1761 774 1780 c.
800 1748 832 1780 in
858 1750 932 1782 edd.
959 1750 1024 1792 M.)
1051 1748 1248 1789 „hominum
1271 1764 1351 1795 pro·
1401 1726 1404 1792 1

232 1794 338 1826 fectae
363 1807 448 1834 esse,
475 1804 507 1826 et
531 1795 564 1827 in
589 1794 684 1826 illum
709 1793 924 1835 angelorum“
952 1803 1014 1826 etc.
1040 1795 1079 1828 R.

323 1851 356 1894 ⁵)
382 1851 468 1883 Edd.
496 1851 541 1882 M.
569 1859 622 1891 „et
647 1849 701 1881 hi“
729 1859 790 1883 etc.
841 1850 873 1893 6)
892 1851 995 1883 Deest
1021 1853 1139 1892 „sunt“
1157 1850 1192 1883 in
1209 1851 1284 1883 edd.
1302 1851 1352 1883 M.

325 1906 358 1950 ⁷)
385 1906 454 1939 Cfr.
480 1906 531 1938 ed.
559 1906 684 1950 Redep.
709 1919 781 1950 pag.
809 1906 881 1941 159.
907 1917 975 1940 not.
1002 1907 1032 1942 3.

323 1962 357 2004 ⁸)
382 1962 468 1995 Edd.
495 1961 541 1994 Μ.
570 1962 686 2004 „illo.“

326 2018 358 2062 ⁹)
384 2017 548 2050 Merlinus
567 2017 613 2062 (?)
633 2018 748 2050 habet:
775 2031 900 2063 „usque
926 2031 993 2062 quo
1011 2019 1207 2063 pervenient
1224 2018 1257 2051 in
1276 2018 1351 2057 hoc,

233 2071 270 2094 ut
295 2081 334 2087 —-
361 2063 548 2095 discernant
572 2076 633 2107 per
656 2063 752 2095 hoc.“
788 2064 822 2095 ln
848 2064 900 2097 ed.
918 2073 1029 2096 autem
1047 2064 1255 2096 Genebrardi
1272 2064 1352 2095 haec

236 2107 346 2140 omnia
380 2107 499 2139 omissa
530 2117 616 2141 sunt.
663 2108 742 2140 Mss.
770 2108 882 2149 legunt
912 2119 949 2141 ut
980 2109 1012 2141 in
1044 2118 1161 2141 nostro
1184 2118 1285 2141 textu.
1311 2108 1351 2142 R.

235 2172 274 2178 —
293 2153 356 2185 Ed.
373 2153 420 2185 M.
441 2152 462 2183 l.
490 2166 616 2197 „usque
642 2166 708 2197 quo
734 2155 927 2197 pervenient
950 2156 990 2186 ad
1009 2154 1091 2195 hoc,
1116 2164 1154 2186 ut
1170 2175 1210 2179 ——
1229 2154 1351 2186 discer-

232 2207 312 2230 nant
334 2210 395 2242 per
418 2198 515 2237 hocf*
542 2199 594 2230 ed.
619 2198 666 2230 Μ.
687 2199 725 2231 ll.
753 2211 878 2244 „usque
903 2212 970 2244 quo
994 2200 1187 2244 perveniant
1211 2200 1252 2233 ad
1277 2199 1351 2239 hoc,

230 2252 268 2276 ut
291 2260 331 2266 —-
357 2244 544 2275 discernant
567 2255 629 2287 per
651 2243 749 2278 hoc.“
