1404 2463
381 137 426 158 nr:
453 126 643 159 Pamcwns
670 127 776 158 Luam<
807 127 843 158 11.
1116 125 1176 161 19Ἷ

269 283 509 323 CAPUT
565 283 1057 331 SEPTlMUMJ„

440 382 492 413 De
517 391 629 414 sancto
655 381 800 425 Spiritu.

149 473 176 506 1.
225 472 313 515 Quia
339 484 415 513 ergo
440 480 516 515 post
539 471 659 515 primas
684 471 755 502 illas
781 471 1008 511 dissertiunt-s,
1034 484 1112 515 quas
1131 472 1171 502 de

61 534 156 566 Patre
194 542 227 566 et
253 532 343 565 Filio
384 542 417 564 et
449 531 575 576 Spiritu
611 541 726 564 sancto
760 533 791 563 in
837 531 958 570 initiis,
993 533 1174 564 secundum

59 596 150 639 quod
176 607 226 626 res
249 603 457 637 poposcerat,
482 593 703 642 exposuimus,
728 593 832 625 visum
858 601 905 625 est
928 606 1056 624 rursum
1082 607 1176 637 repe-

58 667 127 689 tere
157 668 218 688 nos
248 655 388 693 debere,
427 661 472 686 et'
491 655 684 693 ostendere,
722 655 814 699 quod
848 654 940 686 Deus
972 654 1060 686 idem
1093 664 1176 686 esset

59 726 189 749 creator
216 725 249 748 et
279 715 436 748 conditor
465 716 599 755 mundi,
633 725 666 748 et
689 726 783 760 pater
807 715 942 747 Doqui
969 716 1073 748 nostri
1098 717 1175 748 Jesu

58 778 197 818 Christi,
228 778 261 810 id
293 786 341 810 est
372 777 451 819 legis
482 786 515 809 ct
539 778 780 821 prophetarum
804 787 903 821 atque
928 778 1176 819 evangeliorum

58 853 140 872 unus
169 849 269 883 atque
303 838 393 871 idem
426 839 536 871 Deus:
578 849 648 871 tum
685 839 804 871 deinde
836 839 934 871 etiam
966 839 1006 870 de
1033 838 1176 878 Christo,

58 901 149 946 quod
175 900 213 940 is,
236 899 293 945 qui
311 901 448 932 verbum
467 910 498 932 et
514 900 673 944 sapientia
692 900 757 932 Dei
773 899 924 944 superius
942 901 1049 932 suerat
1066 909 1175 931 osten-

59 976 130 1003 sus,
170 962 268 994 etiam
298 961 440 1006 qualiter
471 961 573 993 horno
606 963 710 994 factus
736 971 801 1000 cst,
839 962 871 993 in
900 961 1175 1004 consequentibus

58 1023 174 1057 debuit
205 1022 442 1056 demonstrari:
475 1033 625 1067 superest
656 1032 694 1055 ut
718 1022 817 1055 etiam
842 1024 884 1055 de
908 1022 1036 1066 Spiritu
1060 1031 1174 1054 sancto

57 1098 156 1130 quam
180 1097 355 1128 possumus
379 1083 524 1116 breviter
546 1093 743 1128 repetamus.

147 1146 341 1190 Tempus¹)
367 1155 415 1178 est
446 1159 523 1187 ergo
555 1159 641 1177 nunc
674 1146 714 1177 de
739 1145 866 1190 Spiritu
890 1154 1003 1177 sancto
1028 1158 1089 1177 nos
1112 1158 1173 1189 pro

61 1208 183 1241 viribus
216 1221 320 1252 pauca
350 1207 529 1246 disserere,
568 1220 666 1251 quem
692 1207 857 1239 Dominus
883 1217 915 1239 et
937 1207 1092 1239 Salvator
1116 1219 1173 1238 no·

57 1280 125 1303 ster
156 1269 189 1302 in
220 1268 392 1310 evangelio
421 1269 604 1300 secundum
635 1269 844 1312 Joannem²)
877 1268 1083 1300 Paracletum
1114 1281 1174 1300 no-

60 1331 204 1364 minavit.
252 1330 346 1363 Sicut
378 1329 464 1361 enim
496 1329 585 1362 idem
616 1329 686 1373 ipse
710 1330 820 1369 Deus,
860 1339 959 1374 atque
989 1329 1077 1361 idem
1103 1329 1173 1373 ipse

60 1393 225 1430 Christus,
261 1391 304 1423 ita
328 1390 416 1423 idem
441 1391 584 1435 Spiritus
607 1401 736 1423 sanctus
760 1400 819 1430 est,
843 1392 945 1435 qui³)
971 1391 1002 1422 in
1029 1391 1173 1435 prophe-

58 1456 97 1488 tis
122 1464 154 1487 et
178 1454 210 1486 in
235 1452 394 1498 apostolis
419 1452 500 1492 suit,
532 1452 565 1484 id
591 1462 655 1492 est,
678 1453 746 1485 sive
771 1452 803 1484 in
827 1452 911 1491 illis,
936 1452 993 1496 qui
1017 1461 1091 1485 ante
1115 1453 1172 1484 ad-

59 1525 192 1549 ventum
225 1513 347 1548 Christi
378 1513 454 1545 Deo
494 1513 723 1553 crediderunt,
761 1514 829 1546 sive
860 1513 893 1546 in
924 1514 990 1554 his,
1025 1514 1081 1558 qui
1113 1527 1172 1557 per

59 1577 227 1611 Christum
258 1575 478 1616 confugerunt
505 1575 546 1607 ad
570 1575 691 1608 Deum.
739 1575 781 1607 Et
811 1576 895 1607 duos
920 1576 1055 1619 quidem
1079 1575 1172 1607 Deos

59 1652 154 1671 ausos
178 1650 247 1670 esse
271 1635 454 1668 haereticos
477 1636 605 1676 dicere,
630 1647 662 1669 et
686 1637 768 1669 duos
794 1636 942 1669 Christos
966 1636 1170 1668 audivimus:

60 1699 189 1742 duos‘)
224 1708 335 1731 autem
357 1697 498 1742 Spiritus
529 1707 659 1730 sanctos
692 1711 860 1741 uunquam
892 1698 1107 1739 cognovimus
1131 1699 1171 1730 ab

155 1831 186 1874 ¹)
211 1831 279 1864 Cfr.
304 1832 345 1863 de
370 1831 494 1864 verbis:
521 1832 690 1876 „Tempus
714 1842 838 1864 est—z
865 1833 949 1864 duos
967 1841 1077 1863 autem
1095 1833 1170 1875 Spi-

62 1877 145 1908 ritus
178 1896 217 1901 —-
249 1877 289 1907 ab
319 1876 433 1920 aliquo
464 1877 686 1921 praedicai‘i‚“
735 1878 832 1921 Apol.
866 1877 1030 1920 Pamphili
1063 1877 1169 1921 (Opp.

62 1921 155 1963 0rig.
190 1921 241 1953 cd.
269 1921 372 1953 [zuaei
405 1921 505 1954 Tom.
530 1923 585 1954 [V.
620 1923 789 1966 Append.)
825 1935 887 1966 pag
920 1922 973 1956 26.
1008 1922 1086 1954 coll.
1118 1923 1169 1953 ed.

61 1976 164 1999 nostr.
189 1966 288 1998 Tom.
312 1966 435 1999 XXIV.
460 1980 531 2010 pag.
555 1966 629 2001 335.
717 1968 749 2011 2)
776 1968 834 1999 Ev.
860 1968 979 2000 Joann.
1003 1967 1093 2006 XW,
1117 1967 1170 2003 26,

154 2022 187 2064 ³)
213 2022 274 2054 Ed.
300 2022 346 2053 M.
374 2022 395 2054 Ι.
422 2022 499 2066 „qni
526 2032 556 2054 et
580 2023 633 2054 in“
660 2032 720 2055 etc.

154 2079 186 2120 ⁸)
214 2077 423 2110 Contrarium
456 2086 564 2109 tamen
594 2078 725 2121 scripsit
757 2079 915 2120 Origenes
951 2080 991 2111 ad
1016 2079 1082 2112 Tit.
1114 2080 1171 2116 ΙΙΙ,

62 2123 114 2157 10.
139 2123 302 2154 icferente
322 2121 499 2166 Pamphilo
530 2122 561 2154 in
588 2123 769 2166 Apologia:
811 2126 888 2165 „sed
920 2134 953 2156 et
982 2134 1077 2162 sunt,
1115 2124 1170 2168 qui

9 2195 11 2204 Α
61 2168 223 2212 Spiritum
255 2176 403 2199 sanctum
436 2167 535 2198 alium
561 2168 695 2211 quidem
720 2169 831 2201 dicant
855 2183 939 2208 esse,
976 2170 1030 2213 qui
1054 2150 1116 2201 silit
1139 2182 1170 2200 in

63 2213 245 2256 prophetis,
269 2212 370 2243 alium
394 2221 515 2251 autem,
539 2213 595 2256 qui
620 2213 713 2245 fuit
705 2227 736 2246 tn
764 2210 932 2258 Apostolis
950 2214 1087 2246 Domini
1114 2228 1171 2245 no

63 2258 120 2289 stri
150 2259 230 2290 Jesu
261 2257 413 2290 Christi.“
463 2258 559 2289 Certe
589 2271 713 2290 canone
740 2259 936 2302 Apostolico
962 2260 1013 2292 4'1.
1040 2260 1172 2291 dnum-1

64 2312 125 2342 tur,
149 2304 204 2347 qui
229 2302 470 2347 baptisavclit
464 2316 495 2334 m
521 2311 584 2335 trcs
602 2303 720 2344 binos,
746 2314 799 2336 aut
824 2304 856 2337 in
884 2314 947 2336 tics
966 2305 1027 2336 Par
1031 2305 1170 2336 'teletus
