1404 2463
423 131 468 154 DE
495 122 691 155 PfflNeu‘ns
716 122 790 154 Lus.
819 122 875 156 lv.
1155 121 1220 156 517

86 208 227 253 πολλὴν
260 208 452 256 προσοχὴν
486 213 741 246 συνεισακτέον
772 214 819 256 τῷ
853 209 1012 255 εὐλαβῶς
1041 209 1221 256 ἐντυγχά-

87 283 190 307 νοντι
220 268 268 309 ὡς
299 275 414 311 θείοις
441 270 638 318 γράμμασι
669 275 746 311 ταῖς
780 276 896 311 θείαις
923 273 1074 316 βίβλοις·
1115 265 1167 313 ὧν
1199 270 1218 307 ὁ

83 331 272 378 χαρακτὴρ
297 334 358 376 τῆς
380 331 538 376 νοήσεως
559 335 721 372 τοιοῦτος
744 332 834 378 ἡμῖν
859 337 1038 379 φαίνεται.

169 391 305 432 ’Έθνος
338 408 370 428 τι
403 395 464 428 ἐπὶ
492 397 561 440 γῆς
584 393 879 439 ἀπαγγέλλουσιν
904 396 938 430 οἱ
962 393 1066 440 λόγοι
1089 395 1221 435 ἓξειλέ-

81 460 176 502 χῧαι
198 454 264 490 τόν
286 454 394 499 θεὸν,
422 452 440 490 ὃ
466 457 641 489 καλοῦσιν
667 454 823 502 ὀνόμασι
847 458 1000 504 πλείοοι.
1046 459 1220 492 Καλεῖται

84 516 158 562 γὰρ
190 518 295 551 τοῦτο
326 515 366 551 τὸ
398 519 476 550 πᾶν
508 517 616 554 ἔθνος
635 514 797 561 Ἰσραήλ·
836 506 978 561 λέγεται
1001 518 1040 552 δὲ
1066 519 1128 552 καὶ
1149 517 1222 553 ’Ia-

86 577 172 623 κώβ.
212 578 294 613 Ὅτε
335 578 374 613 δὲ
413 576 559 626 διῄρητο
596 577 686 612 κατὰ
722 577 805 617 τοὺς
835 576 992 625 χρόνους
1018 577 1220 624 Ἶεροβοὰμ,

87 642 169 675 υἱοῦ
200 639 348 684 Νάβατ,
390 639 444 673 αἶ’
465 638 538 684 μὲν
569 636 641 673 ὑπὸ
682 637 797 684 τούτῳ
833 638 1074 685 λεγόμεναι“)
1107 643 1222 686 φυλαὶ

88 703 176 736 δέκα
207 698 483 745 ὠνομάσθησαν
510 698 672 746 Ἰσραήλ·
713 702 752 734 αἱ
785 700 824 735 δὲ
855 702 982 734 λοιπαὶ
1013 701 1081 736 δύο
1113 701 1220 746 καὶὴ

87 761 281 806 Λευιτικὴ,
320 759 393 796 ὑπὸ
429 763 503 795 τῶν
537 762 577 795 ἐκ
601 764 808 807 σπέρματος
833 763 896 796 τοῦ
921 763 1044 797 Δαυὶδ
1055 763 1089 807 ²)
1113 768 1222 806 βασι-

86 821 292 869 λευόμεναι,
315 821 465 861 Ἰούδας.
512 820 550 856 ‘0
573 822 612 856 δὲ
639 821 785 866 σύμπας
808 821 934 868 τόπος,
958 822 1083 858 ὅντινα
1100 821 1224 871 ᾤκουν

89 887 124 919 οἱ
155 883 230 919 ἀπὸ
255 886 320 919 τοῦ
346 885 488 927 ἔθνους,
515 884 759 928 δεδομένος-3)
785 883 908 923 αὐτοῖς
932 882 1006 919 ἀπὸ
1029 886 1093 919 τοῦ
1118 887 1221 928 θεοῦ,

87 948 245 981 καλεῖται
275 945 456 990 Ἰουδαία,
488 938 530 987 ἧς
552 942 774 992 μητρόπολις
795 943 1052 990 Ἰερουσαλήμ·
1084 944 1224 993 μητρό-

87 1009 192 1045 πολις
215 1005 383 1051 δηλονότι
408 1004 589 1041 πλειόνων
611 1005 767 1050 πόλεων,
793 999 846 1041 ὧν
869 1005 912 1040 τά
940 1005 1105 1054 ὀνόματα
1128 1010 1225 1043 πολ-

88 1070 203 1113 λαχοῦ
233 1070 304 1114 μὲν
328 1071 389 1102 καὶ
414 1065 544 1102 ἄλλοθι
569 1068 844 1114 διεσπαρμένως
866 1072 997 1112 κεῖται,
1032 1067 1093 1114 ὑφ’
1120 1068 1159 1104 ἓν
1183 1069 1223 1104 δὲ

92 1131 367 1174 κατειλεγμέναι
391 1131 484 1166 εἰσὶν
508 1130 548 1164 ἐν
568 1129 684 1173 Ἰησοῦ
710 1132 758 1174 τῷ
785 1131 847 1164 τοῦ
872 1131 989 1173 Ναυῆ.

180 1192 236 1226 21.
289 1191 439 1227 Τούτων
471 1189 583 1230 οὕτως
619 1189 795 1236 ἐχόντων,
829 1190 982 1236 wast)
1007 1190 1046 1226 τὸ
1072 1192 1225 1236 διανοη-

92 1251 195 1288 mean
231 1253 337 1299 ἡμῶν
375 1253 393 1290 ὁ
429 1250 632 1291 ἀπόστολός
663 1255 758 1297 φησί
785 1264 875 1287 που·
918 1254 1130 1298 »βλέπετε5)
1161 1253 1225 1290 τὸν

89 1314 231 1361 Ἰσραὴλ
266 1315 357 1351 κατὰ
395 1314 561 1362 σάρκα·«
603 1312 650 1352 ὠς
687 1309 790 1352 ὄντος
826 1312 922 1353 τινὸς
957 1313 1099 1361 Ἰσραὴλ
1131 1314 1223 1350 ataui

91 1379 252 1422 πνεῦμα.
301 1379 376 1412 Καὶ
400 1377 559 1421 ἀλλαχοῦ
585 1377 700 1420 λέγει·
735 1374 798 1409 »οὐ
811 1374 845 1418 ⁶)
869 1374 943 1420 γὰρ
966 1376 1010 1410 τὰ
1034 1379 1142 1411 τέκνα
1165 1379 1226 1421 τῆς

93 1438 244 1484 σαρκὸς,
286 1442 397 1474 ταῦτα
434 1442 542 1473 τέκνα
580 1438 644 1471 τοῦ
685 1438 795 1471 θεοῦ·
843 1436 927 1471 οὐδὲ
959 1434 1092 1476 πάντες
1124 1439 1159 1472 οἱ
1189 1438 1227 1478 ἐξ

91 1499 244 1545 Ἰσραὴλ,
268 1493 553 1546 οῦτοι’[σραήλ.«
583 1497 689 1539 »Ἀλλ’
705 1497 738 1542 ⁷)
765 1497 849 1532 οὐδὲ
875 1496 893 1532 ὁ
921 1498 960 1532 ἓν
985 1500 1034 1543 τῷ
1061 1501 1224 1546 φανερῷ,

89 1560 265 1601 Ἰουδαῖός
289 1562 396 1601 ἐστιν,
422 1561 506 1595 οὐδὲ
531 1558 550 1603 ἡ
577 1560 617 1593 ἐν
641 1561 690 1603 τῷ
717 1561 880 1605 φανερῷ,
905 1559 945 1593 ἐν
968 1562 1094 1605 σαρκὶ,
1119 1573 1227 1607 περι-

94 1621 208 1670 τομή·
248 1622 320 1657 ἀλλ’
353 1621 371 1656 ὁ
403 1622 443 1656 ἐν
473 1623 522 1665 τῷ
556 1622 702 1666 κρυπτῷ
730 1619 922 1660 Ἰουδαῖος,
957 1622 1020 1655 καὶ
1050 1622 1227 1669 περιτομὴ

98 1685 260 1728 καρδίας,
287 1684 328 1718 ἕν
351 1681 544 1727 πνεύματι,
572 1682 614 1717 οὐ
637 1680 860 1728 γράμματι-α
899 1684 947 1716 Εἰ
969 1681 1042 1727 γὰρ
1066 1681 1087 1726 ἡ
1114 1687 1229 1729 κρίσις

194 1870 226 1913 ¹)
251 1869 357 1900 Deest
380 1867 471 1911 apud
496 1866 610 1899 Tarin.
635 1866 769 1912 (itemq.
794 1866 955 1911 Spenc.)‚
977 1867 1037 1899 scd
1061 1867 1230 1911 reperitur

97 1915 132 1947 in
158 1915 291 1946 duobus
315 1912 398 1946 Mss.
423 1911 629 1956 λεγόμεναι.
677 1912 764 1945 Sunt
785 1921 908 1953 autem,
934 1911 992 1956 qui
1015 1925 1098 1956 pro:
1122 1912 1230 1959 λεγό-

98 1972 219 2004 μεναι,
245 1958 380 1990 malint:
406 1956 627 2000 τελούμεναι.
653 1957 695 1992 R.

192 2014 226 2059 ²)
253 2013 367 2046 Tarin.
395 2022 428 2045 et
452 2013 573 2057 Spenc.
597 2013 728 2055 Δαβίδ.

193 2069 228 2113 3)
253 2068 317 2103 Ed.
341 2069 470 2114 Redep.
495 2081 690 2114 perperam:
717 2065 924 2111 δεὸὀμενος.

193 2126 228 2170 ⁴)
252 2125 317 2159 Ed.
334 2126 466 2169 Redep.
489 2137 686 2169 perperam:
713 2122 834 2168 ῧψων.

193 2181 227 2227 ⁵)
254 2182 267 2214 Ι
292 2181 371 2215 Cor.
390 2182 440 2220 >X,
466 2181 517 2215 18.
615 2180 648 2225 ⁶)
675 2180 743 2214 Cfr.
768 2180 870 2213 Rom.
893 2179 954 2220 IX,
977 2180 1010 2215 8.
1035 2179 1067 2214 6.

193 2238 228 2282 7)
255 2239 306 2270 Ab
335 2237 385 2269 his
416 2236 526 2269 verbis
557 2248 664 2280 usque
694 2236 736 2267 ad
759 2249 851 2268 num.
875 2234 929 2269 22.
950 2235 1161 2270 desideratur
1184 2238 1234 2271 in-

104 2282 302 2328 terpretatio
326 2281 452 2316 Rufini„
477 2304 521 2311 —
547 2281 616 2314 Cir.
642 2281 742 2314 Rom.
768 2281 813 2323 lI²
835 2280 887 2316 28.
913 2281 969 2316 29.
