1404 2463
377 100 421 121 ne
449 89 640 121 Piuxcwus
664 88 773 120 Lmen
800 88 854 120 ΗΙ.
1120 89 1185 123 265

65 178 157 210 vitias
183 178 339 211 bonitatis
365 178 490 223 ejus,¹)
515 191 551 210 ac
576 177 767 221 patientiae,
802 191 838 210 a(-
865 179 961 222 (113)
988 180 1185 221 longanimi-

65 240 140 272 tatis
165 240 369 279 contemnis,
404 240 556 281 ignorans
582 240 672 283 quod
699 239 880 280 benignitas
905 241 970 273 Dei
1000 243 1040 273 ad
1066 243 1184 286 poeni-

65 301 201 333 tentiam
228 311 259 334 le
285 302 443 335 adducit?
479 302 673 334 Secundum
698 302 853 333 duritiam
879 312 987 334 autem
1013 312 1121 342 tuam,
1154 314 1186 336 et

67 376 125 394 cor
149 363 388 407 impoenitens,
424 363 619 396 thesaurizas
655 363 710 394 tibi
744 363 823 395 iram
849 364 881 395 in
907 364 960 396 die
985 364 1117 409 judicii,
1153 375 1185 397 et

66 425 277 458 revelationis
304 426 378 469 justi
402 425 516 469 judicii
541 424 616 463 Dei,
641 425 695 468 qui
723 426 841 456 reddet
866 425 1046 469 unicuique
1071 439 1186 458 secun-

67 487 145 518 dum
172 500 255 531 opus
282 485 368 531 ejus:
395 487 486 529 liis2)
513 486 569 530 qui
592 487 775 518 secundum
794 486 988 530 patientiam
1007 488 1086 520 boni
1105 501 1187 532 ope-

66 547 129 587 ris,
157 548 260 589 gloria
287 557 319 579 et
342 547 569 591 incorruptio,
607 547 662 590 qui
688 558 851 591 quaerunt
876 548 976 581 vitam
1002 560 1186 591 aeternatur,

66 609 114 641 liis
141 619 270 648 autem,
304 610 358 653 qui
387 623 422 641 ex
448 608 680 647 contentione,
715 619 747 641 et
773 608 828 653 qui
855 623 921 642 non
949 612 1089 644 credunt
1113 612 1187 656 qui-

65 672 141 703 dem
168 670 306 709 veritati,
333 663 472 702 credunt
489 679 598 702 autem
616 670 799 714 iniquitati:
824 671 881 710 ira,
908 672 1101 714 indignatio,
1127 674 1187 705 tri-

65 732 193 764 bulatio
220 741 251 763 et
275 733 438 773 angustia,
463 732 497 764 in
523 745 655 764 ornnem
681 731 822 764 animam
849 733 991 765 hominis
1017 736 1186 778 operantis

63 794 208 833 malum,
237 794 367 825 Judaeo
399 794 544 837 primum
577 804 609 826 et
642 794 837 838 Graeco33)
877 795 982 836 gloria
1013 806 1122 828 autem
1155 807 1188 830 et

66 857 175 887 honor
206 865 238 887 et
270 869 330 899 pax
365 854 456 887 omni
481 855 632 899 operanti
656 856 801 895 bonum,
827 856 957 889 Judaeo
983 857 1128 901 primum
1155 868 1187 891 et

65 917 228 950 Graecof‘
269 917 378 950 Multa
403 916 538 961 quidem
562 916 626 948 alia
651 926 682 948 et
706 916 878 949 innumera
904 917 937 949 in
961 919 1080 951 sanctis
1097 920 1187 953 Scri-

63 979 170 1023 pturis
194 978 356 1017 invenies,
390 991 473 1022 quae
506 977 677 1010 evidenter
708 980 884 1011 ostendent
909 979 1028 1012 habere
1053 994 1113 1013 nos
1137 995 1187 1013 ai·-

64 1040 156 1072 bitrii
192 1040 285 1072 liberi
318 1049 530 1084 potestatem.
580 1039 740 1083 Alioquin
775 1041 1022 1086 contra1·ium'²)
1056 1045 1184 1088 esset⁵)

65 1102 137 1134 dari
167 1102 265 1134 nobis
301 1102 472 1140 mandata,
508 1114 545 1133 ex
579 1114 721 1145 quorum
748 1102 800 1134 vel
825 1103 1057 1136 observatione
1082 1105 1188 1138 salve-

64 1177 158 1203 mur,
191 1165 241 1195 vel
266 1163 548 1208 praevaricatione
574 1163 787 1204 damnemur,
819 1164 845 1196 si
879 1165 1078 1198 observandi
1103 1180 1140 1199 ea
1153 1168 1186 1212 ⁵)

66 1225 203 1257 facultas
229 1224 261 1256 in
285 1224 382 1257 nobis
407 1238 475 1256 non
502 1224 605 1267 est.⁷)

154 1287 184 1320 7.
235 1288 357 1318 Verum
383 1286 540 1330 quoniam
565 1285 778 1318 inveniuntur
802 1286 833 1318 in
860 1287 938 1330 ipsis
963 1288 1082 1322 divinis
1099 1290 1189 1323 Scri—

67 1348 174 1393 pturis
205 1349 367 1392 quaedam
400 1349 498 1379 verba
529 1347 573 1379 ita
607 1348 734 1391 posita,
773 1357 809 1380 ut
840 1351 1042 1383 contrarium
1074 1365 1111 1384 ex
1137 1353 1187 1385 his

66 1409 192 1454 aliquid
231 1409 382 1442 videatur
416 1409 556 1450 intelligi
587 1422 704 1453 posse,
740 1411 948 1453 proferentes
984 1426 1020 1445 ea
1052 1413 1085 1445 in
1116 1428 1187 1447 me·

67 1471 177 1512 dium,
202 1480 234 1503 et
257 1472 439 1503 secundum
464 1470 596 1515 pietatis
618 1470 766 1512 regulam
793 1472 1005 1513 disserentes,
1031 1476 1189 1509 adhibea-

66 1546 139 1566 mus
163 1546 279 1565 eorum
304 1532 542 1570 absolutiones,
567 1545 632 1576 quo
659 1545 696 1564 ex
721 1532 770 1564 his
794 1533 918 1577 paucis,
943 1549 1026 1580 quae
1052 1540 1189 1582 exponi-

67 1595 202 1640 mus,⁸)
228 1595 327 1627 etiam
353 1603 559 1636 ceterorum,
592 1607 674 1638 quae
698 1595 852 1627 similiter
877 1596 965 1629 dicta
989 1608 1081 1638 sunt,
1115 1600 1187 1644 qui-

68 1657 130 1689 bus
165 1656 293 1689 arbitrii
323 1664 468 1699 potestas
501 1655 632 1688 videtur
663 1657 812 1696 excludi,
851 1659 1018 1691 absolutio
1053 1660 1187 1694 evidens

69 1717 136 1749 fiat.
182 1717 285 1758 Igitur
309 1717 573 1761 quamplurimos
597 1727 735 1750 movent
760 1732 807 1757 ea,
841 1732 922 1763 quae
948 1721 989 1752 de
1014 1721 1187 1756 Pharaone

166 1879 195 1921 ¹)
223 1878 326 1911 Deest
350 1878 460 1923 „ejus“
486 1879 518 1911 in
544 1880 619 1911 edd.
647 1880 694 1912 M.

163 1934 197 1975 ²)
224 1934 309 1967 Edd.
337 1936 382 1967 Μ.
409 1935 477 1975 „his
504 1935 649 1980 quidem,
674 1935 752 1979 qui“
779 1946 842 1970 etc.

162 1997 195 2038 ³)
221 1996 276 2028 Sic
303 1997 379 2028 Mss.
401 1995 491 2027 Editi
516 1997 562 2040 (v.
588 2010 614 2028 c.
633 1998 708 2029 edd.
727 1997 793 2042 M.)
821 1999 983 2040 „Graec0.
1024 2002 1188 2036 Similiter

71 2051 181 2073 autem
208 2050 239 2072 et
265 2040 440 2072 honoratio
466 2050 498 2072 et
521 2045 604 2085 Ρεηςι4
632 2052 694 2075 etc.
719 2044 760 2076 R.

163 2097 195 2138 ⁴)
222 2098 307 2130 Edd.
334 2096 382 2129 M.
410 2097 726 2140 „percontrarium.“
797 2100 828 2144 ⁵)
853 2101 915 2135 Ed.
941 2102 987 2135 M.
1016 2103 1036 2135 l.
1064 2108 1186 2145 „esse.“·

162 2155 195 2197 ⁶)
221 2154 306 2185 Edd.
333 2153 377 2185 M.
406 2166 462 2193 „ea
486 2153 518 2185 in
543 2154 640 2186 nobis
664 2156 802 2188 facultas
827 2162 915 2189 non“
942 2167 1005 2191 etc.

164 2209 196 2251 7)
221 2210 282 2243 Ed.
312 2210 354 2241 M.
383 2209 421 2240 ll.
450 2214 585 2249 „esset“

162 2267 196 2308 ἢ)
221 2265 276 2298 Sic
292 2264 370 2299 Mas.
390 2266 479 2298 Libri
498 2267 576 2299 editi
592 2267 638 2311 (v.
658 2281 684 2300 c.
704 2269 776 2300 edd.
790 2269 851 2312 M.)
871 2270 1136 2314 „exposuimus.“
1150 2272 1187 2304 R.
