1404 2463
171 127 239 163 434
654 124 831 158 Omeems

173 228 306 249 rursum
331 213 598 260 prospicientem
625 221 819 245 contextum
844 211 1045 255 investigare
1069 222 1196 257 posset,
1212 214 1242 259 ¹)
1267 223 1316 247 at-

174 289 240 322 que
272 276 317 309 ita
346 274 459 308 socius
483 273 643 308 scientiae
667 273 825 319 spiritus,
864 283 897 307 et
922 273 1028 307 divini
1054 274 1186 308 consilii
1210 275 1315 320 parti'·

175 350 254 382 ceps
277 338 391 370 fieret:
417 336 495 381 quia
521 347 585 367 nec
609 334 708 367 aliter
731 344 846 380 potest
870 335 981 368 anima
1003 336 1045 368 ad
1062 335 1220 369 scientiae
1237 349 1315 382 per-

173 398 358 432 fectionem
391 396 526 437 venire,
563 396 627 429 nisi
657 396 789 429 divinae
821 396 1004 441 sapientiae
1027 397 1133 430 suerit
1155 397 1316 443 inspirata

173 460 325 493 veritate.
372 458 481 501 Igitur
512 457 555 489 de
579 457 675 500 Deo,
707 457 743 490 id
777 467 826 490 est
860 459 904 490 de
927 458 1049 499 Patre,
1084 467 1118 491 et
1140 459 1252 500 Filio,
1283 468 1317 492 et

174 521 305 565 Spiritu
340 530 456 554 sancto
482 519 524 551 ab
549 518 599 552 his
625 518 703 551 viris
728 519 843 552 divino
871 518 1002 563 Spiritu
1026 520 1166 564 repletis
1189 509 1316 563 princi-

172 581 343 626 paliter²)
375 581 584 623 designatur;
625 581 744 625 tum³)
784 593 879 614 vero.
909 581 950 613 de
986 580 1203 625 sacramentis
1232 580 1316 614 Filii

172 642 259 682 Dei,
283 644 461 687 quomodo
489 643 630 674 verbum
657 654 733 674 caro
758 642 885 674 factum
909 642 970 681 sit,
1003 651 1036 674 et
1060 655 1126 687 qua
1151 642 1193 674 de
1218 655 1317 675 causa

173 716 281 748 usque
304 705 347 736 ad
371 704 517 737 formam
541 703 628 736 servi
653 702 910 748 percipiendam
936 702 1076 743 venerit,
1099 711 1139 735 ut
1163 703 1318 747 diximus,

172 764 297 810 repleti
329 764 447 798 divino
479 764 602 810 spiritu
631 763 860 809 protulerunt.
915 764 1113 797 Necessario
1145 765 1269 798 deinde
1283 765 1317 809 ⁴)

175 826 278 859 etiam
310 827 353 859 de
384 825 546 859 creaturis
579 824 856 864 rationabilibus,
892 834 960 858 tam
987 825 1191 858 coelestibus
1216 839 1318 871 quam

174 887 316 920 terrenis
342 885 565 925 beatioribus,
589 898 799 930 consequens
825 894 895 918 erat
920 897 978 918 eos
1001 886 1198 919 mortalium
1215 900 1318 929 genus

176 947 299 981 divinis
329 947 542 980 sermonibus
576 947 736 989 edocere3
772 946 831 978 sed
865 956 898 979 et
932 946 1161 980 differentiam
1191 949 1320 981 anima-

175 1023 269 1050 rum,
302 1018 334 1042 et
363 1009 455 1041 unde
486 1007 570 1041 istae
602 1007 814 1041 differentiae
846 1017 940 1041 ortae
972 1009 1057 1050 sint;
1095 1018 1168 1042 tum
1195 1009 1317 1043 deinde

176 1071 259 1115 quid
282 1069 326 1103 sit
349 1069 404 1102 hic
426 1069 584 1110 mundus,
610 1078 644 1102 et
667 1081 770 1115 quare
794 1069 921 1112 factus3
944 1070 1004 1102 sed
1030 1079 1063 1103 et
1083 1071 1174 1103 unde
1190 1071 1318 1105 malitia

175 1141 267 1165 tanta
297 1145 337 1165 ac
366 1131 441 1164 talis
473 1139 523 1163 est
553 1142 656 1175 super
683 1139 809 1173 terras3
844 1143 930 1176 quae
954 1141 1068 1164 utrum
1092 1131 1128 1164 in
1151 1131 1249 1165 terris
1272 1132 1318 1165 sit

178 1193 431 1232 tantummodo,
455 1204 497 1224 au
515 1201 549 1225 et
565 1191 600 1224 in
617 1192 691 1225 aliis
708 1192 877 1237 aliquibus
894 1191 990 1233 locis,
1015 1206 1054 1226 ex
1071 1192 1196 1228 divinis
1209 1207 1272 1228 nos
1283 1194 1318 1240 6)

175 1254 393 1288 sermonibus
418 1253 548 1287 discere
572 1254 800 1287 necessarium
826 1254 900 1287 fuit.

268 1316 356 1349 Cum
380 1327 460 1357 ergo
487 1315 529 1348 de
553 1315 605 1348 his
629 1316 772 1356 talibus,
798 1325 832 1349 et
855 1316 978 1348 horum
1002 1316 1183 1358 similibus,
1209 1317 1319 1363 Spiri-

175 1377 228 1410 tui
258 1386 375 1410 sancto
400 1386 487 1409 esset
510 1376 655 1409 intentio
681 1377 875 1411 illuminare
900 1386 1029 1412 sanctas
1053 1378 1198 1419 animas,
1229 1392 1318 1424 quae

176 1451 212 1472 se
235 1437 423 1471 ministerio
436 1437 470 1481 ⁶)
495 1438 660 1471 dederant
682 1438 853 1479 veritatis,
885 1439 1040 1473 secundo
1067 1439 1146 1472 loco
1159 1440 1193 1486 ⁷)
1216 1441 1319 1473 habe-

176 1509 233 1533 tur
254 1499 314 1532 ille
338 1507 558 1544 prospectus,
582 1507 620 1531 ut
643 1508 788 1543 propter
812 1511 890 1539 eos,
917 1499 975 1543 qui
999 1500 1053 1531 vel
1075 1512 1147 1532 non
1170 1510 1320 1545 possent,

176 1563 232 1595 vel
255 1562 388 1595 nollent
416 1559 498 1592 huic
521 1572 556 1592 se
582 1559 692 1592 labori
716 1569 816 1604 atque
840 1559 1025 1593 industriae
1048 1561 1149 1606 (173)
1174 1564 1318 1604 tradere,

178 1636 246 1669 quo
279 1624 363 1655 haec
386 1631 479 1655 tanta
503 1633 541 1653 ac
565 1621 644 1652 talia
669 1621 787 1653 doceri
811 1621 866 1653 vel
889 1634 1070 1663 agnoscere
1093 1633 1318 1665 mererentur,

175 1683 261 1717 sicut
293 1682 446 1727 superius
472 1680 635 1722 diximus,
666 1681 857 1714 involveret
881 1691 915 1715 et
939 1683 1127 1717 occultaret
1151 1686 1317 1719 sermoni-

176 1746 236 1778 bus
261 1744 401 1784 usitatis,
426 1744 488 1775 sub
512 1752 689 1787 praetextu
712 1743 871 1776 historiae
897 1743 1073 1789 cujusdam
1097 1755 1130 1778 et
1153 1747 1318 1780 narratio-

176 1806 226 1839 nis
250 1818 363 1838 rerum
390 1803 586 1848 visibilium,
610 1817 728 1838 arcana
752 1806 919 1851 mysteria.
960 1805 1137 1840 Inducitur
1161 1820 1241 1851 ergo
1266 1808 1317 1841 vi-

271 1974 304 2017 ¹)
329 1973 393 2006 Ed.
419 1974 467 2006 M.
495 1975 517 2007 l.
545 1973 764 2018 „pomisset.“

270 2030 305 2071 ²)
332 2029 401 2062 Cfr.
427 2030 480 2063 ed.
508 2029 640 2073 Redep.
664 2041 739 2073 pag.
762 2028 839 2064 346.
864 2021 936 2063 not.
962 2031 1015 2070 15.

271 2084 305 2126 ³)
331 2085 395 2116 Ed.
422 2084 471 2118 M.
499 2086 523 2117 l.
552 2088 688 2127 ‚,tunc.“

271 2140 304 2178 4)
332 2140 420 2172 Edd.
451 2141 496 2172 VI.
525 2137 829 2182 „etiam'deindef‘

268 2195 302 2237 ⁵)
327 2195 433 2227 Deest
461 2201 563 2236 „nos“
590 2197 625 2228 in
651 2197 727 2230 edd.
753 2196 801 2228 M.

270 2249 303 2291 ⁶)
329 2248 386 2281 Sic
422 2260 514 2283 recte
540 2251 621 2284 Mss.·
650 2251 742 2284 Male
780 2264 860 2284 vero
899 2226 980 2284 editi
1013 2251 1058 2296 (v.
1092 2264 1120 2284 c.
1146 2252 1222 2285 edd.
1249 2252 1314 2298 M.)

177 2293 368 2357 „mysterio-
374 2297 391 2313 ‘⁶
418 2294 458 2327 R.
557 2296 589 2339 ⁷)
615 2296 723 2329 Deest
747 2297 871 2338 „loco“
897 2296 932 2329 in
957 2297 1011 2330 ed.
1036 2296 1166 2341 Redep.
