1404 2463
219 90 286 126 210
687 91 862 124 Omoemus

224 193 357 219 omnes,
382 180 437 224 qui
464 179 609 212 habitant
635 190 770 220 terram,
801 181 967 225 propheta
983 181 1014 224 ¹)
1039 179 1228 213 denunciat.
1276 180 1342 212 Bo-

225 255 295 275 reas
325 251 434 274 autem
469 251 583 273 ventus
616 241 649 273 in
673 242 854 286 Scripturis
886 241 1004 273 sanctis
1029 242 1165 282 frigidus
1197 240 1343 282 designa-

226 314 290 344 tur,
313 304 397 335 sicut
421 303 581 347 scripturn
607 313 655 335 est
676 303 708 335 in
727 303 912 348 Sapientia:
928 304 960 346 ²)
989 303 1209 346 „Frigidus³)
1230 312 1343 334 ventus

226 366 350 398 Boreas
365 370 380 386 “
431 364 533 407 Quod
565 375 598 397 et
631 366 738 410 ipsum
771 365 840 397 sine
867 365 970 397 dubio
995 365 1204 397 sentiendum
1233 374 1281 396 est
1305 365 1345 396 (le

227 427 375 460 diabolo.
424 427 459 459 Si
489 440 566 468 ergo
592 440 640 467 ea,
664 441 748 472 quae
774 436 885 460 sancta
909 436 993 465 sunt,
1020 435 1052 458 et
1076 427 1158 468 ignis
1183 436 1214 458 et
1234 427 1345 458 lumen

229 498 261 521 et
295 488 456 520 ferventia
487 489 720 529 nominantur,
757 489 888 533 quae4)
919 498 1029 520 autem
1067 488 1230 520 eontraria
1262 497 1347 525 sunt,

228 551 357 592 frigida,
381 559 413 582 et
439 550 552 583 caritas
576 551 760 582 multorum
786 550 998 592 refrigescere
1020 550 1151 589 dicitur,
1182 549 1350 594 requiren-

231 614 310 645 dum
336 622 401 651 est,
425 625 466 644 ne
491 613 578 645 forte
605 622 636 644 et
659 625 781 644 nomen
807 612 953 651 animae,
977 613 1068 656 quod
1092 624 1207 653 graece
1232 610 1351 643 dicitur

232 673 349 719 ψυχή,
391 675 452 718 a5)
484 673 727 715 refrigescendo
763 674 803 705 de
836 683 920 706 statu
957 673 1122 706 diviniore
1147 687 1183 705 ac
1210 673 1350 704 meliore

234 737 360 769 dictum
384 736 443 773 sit,
469 744 500 767 et
524 736 717 767 translatum
743 735 830 775 inde,
857 736 948 780 quod
974 749 1010 766 ex
1037 736 1147 767 calore
1173 735 1232 766 illo
1257 743 1351 766 natu-

233 798 293 831 rali
324 807 356 830 et
386 797 499 829 divino
531 796 696 828 refrixisse
730 796 900 836 videatur,
937 807 969 829 et
1000 797 1076 829 ideo
1110 797 1143 829 in
1168 797 1250 835 hoc,
1285 808 1352 840 quo

233 873 320 892 nunc
345 859 439 901 estfi)
464 867 569 897 statu,
600 867 632 890 et
664 859 829 890 vocabulo
855 859 914 891 sita
938 859 988 891 sit.
1036 858 1192 903 Denique
1215 857 1353 903 proprie

235 920 447 953 laudabiliter
470 919 611 951 animam
635 919 717 963 poni
742 919 776 952 in
800 920 982 964 Scripturis
1006 921 1141 959 sanctis,
1171 919 1304 963 require
1329 918 1353 951 si

236 983 333 1015 facile
358 981 520 1023 invenias;
559 981 772 1025 culpabiliter
795 991 905 1014 autem
930 983 1121 1026 frequenter
1145 981 1356 1024 occurrit‚⁷)

236 1056 272 1078 ut
295 1044 359 1077 ibi:
387 1043 525 1084 „Anima
551 1043 635 1075 mala
660 1043 770 1087 perdit
795 1056 882 1084 eum,
906 1043 964 1088 qui
988 1043 1138 1087 possidet
1161 1047 1280 1086 earu;“
1308 1051 1353 1075 et:

240 1106 425 1149 „Anima⁸)
465 1118 549 1150 quae
587 1114 720 1148 peccat,
758 1104 829 1149 ipsa
864 1104 1059 1138 morietur.“
1116 1105 1236 1137 Postea
1258 1104 1355 1144 renim

239 1182 338 1214 quam
371 1168 497 1200 dictum
536 1176 602 1198 est:
641 1166 787 1207 „Omnes
801 1167 834 1211 ⁹)
866 1166 994 1199 animae
1025 1179 1118 1198 meae
1143 1176 1235 1205 sunt,
1274 1166 1356 1198 sicut

238 1231 346 1264 anima
370 1229 482 1274 patris,
506 1228 550 1260 ita
574 1228 682 1260 anima
706 1228 768 1261 filii
791 1242 864 1261 mea
889 1230 980 1261 est:“
1013 1228 1129 1272 utique
1155 1240 1358 1272 consequens

239 1292 423 1331 videbatur,
446 1300 482 1322 ut
506 1291 647 1323 diceret:
675 1290 814 1330 „Anima
831 1291 882 1334 ¹⁰)
909 1302 992 1334 quae
1016 1289 1081 1331 agit
1098 1289 1267 1335 justitiam,
1289 1288 1359 1332 ipsa

245 1353 470 1393 salvabitur;“
498 1361 547 1384 et:
574 1352 714 1393 „Anima
732 1355 736 1370 ¹
752 1353 783 1393 ¹)
811 1365 894 1396 quae
919 1361 1047 1396 peccat,
1072 1351 1141 1396 ipsa
1165 1350 1359 1383 morieturf‘

244 1417 310 1450 Sed
337 1428 424 1448 nunc
449 1413 615 1453 videmus,
649 1413 805 1457 quoniam
833 1414 922 1457 quod
949 1413 1115 1457 culpabile
1140 1413 1275 1458 quidem
1302 1420 1360 1452 est,

341 1579 371 1620 ¹)
393 1578 516 1610 Jerem.
534 1576 558 1615 l,
578 1576 628 1610 14.
679 1576 713 1619 ²)
730 1576 816 1610 Edd.
835 1577 937 1609 Ruaei
956 1586 989 1609 et
1006 1578 1135 1620 Redep.
1155 1575 1359 1620 „Sapienti.“

337 1634 370 1675 ³)
397 1634 474 1676 Sap.
500 1632 603 1664 Sirac.
627 1632 749 1670 XLlll,
772 1632 825 1665 ⁵20.
852 1633 1106 1677 (Ecclesiastic.)

336 1690 369 1731 ⁴)
394 1688 449 1720 Sic
483 1689 560 1720 Mss.
593 1688 681 1720 Alias
715 1689 760 1729 (v.
793 1702 819 1720 c.
852 1689 883 1720 in
915 1689 991 1723 edd.
1016 1690 1081 1731 M.)
1116 1702 1220 1733 „quae
1252 1697 1362 1720 autem

246 1734 425 1771 contraria,
460 1733 593 1774 frigida:
630 1744 662 1765 et
693 1732 808 1765 caritas
841 1744 979 1777 peccato
1017 1734 1141 1766 dicitur
1171 1734 1362 1776 frigescere:

247 1779 503 1823 requirendum“
524 1787 585 1810 etc.
605 1778 697 1809 R.—
725 1778 807 1809 Vide
834 1779 891 1812 lib.
919 1781 959 1812 ll.
985 1779 1216 1821 origenianor.
1240 1787 1362 1823 quaest.

248 1825 303 1856 Vl.
329 1837 420 1857 num.
445 1825 474 1856 5.

341 1881 373 1921 ⁵)
398 1879 452 1912 Sic
470 1880 548 1912 Mss.
568 1878 657 1911 Alias
676 1879 721 1922 (v.
740 1892 764 1910 c.
784 1878 816 1910 in
836 1880 910 1911 edd.
930 1880 994 1922 Μ.)
1016 1893 1052 1920 „a
1070 1880 1309 1921 srigescendofl‘
1325 1880 1363 1912 R.

339 1935 371 1978 6)
396 1934 482 1968 Edd.
508 1935 555 1967 M.
583 1944 652 1975 „est
676 1945 705 1967 et
731 1939 847 1967 stam.“

340 1989 373 2032 ⁷)
398 1989 454 2022 Sic
479 1990 557 2022 Mas.
582 1990 673 2022 Editi
695 1992 738 2034 (v.
761 2004 787 2023 e.
808 1992 882 2025 edd.
899 1993 963 2035 Μ.)
991 1991 1166 2032 »occari-it,
1192 2001 1228 2023 ut
1248 1990 1365 2023 Anima

251 2035 336 2066 male
368 2035 478 2078 perdit
509 2036 577 2078 (ed.
603 2036 652 2068 M.
679 2036 701 2068 l.
730 2038 862 2080 perdet,
904 2038 955 2070 ed.
980 2038 1027 2070 M.
1053 2038 1096 2070 ll.
1117 2037 1256 2081 perdat)
1280 2048 1365 2074 eum,

251 2079 328 2122 qui“
355 2089 417 2112 etc.
444 2080 480 2111 R.
507 2100 546 2105 -—
571 2080 648 2124 Sap.
673 2080 775 2112 Sirac.
804 2082 858 2120 Vl,
881 2082 911 2116 4.
938 2081 1209 2125 (Ecclesiastic.).

343 2135 376 2178 Β)
401 2135 518 2168 Emi..
542 2135 669 2174 xvm,
694 2137 724 2169 4.
751 2137 829 2171 con.
853 2137 904 2171 20.
987 2138 1021 2180 ⁹)
1047 2137 1311 2175 Ezech.xv1u,
1335 2136 1364 2169 4.

325 2191 377 2231 ·0)
405 2189 474 2223 cfr.
499 2191 617 2223 ezech.
642 2192 767 2230 xvm,
795 2193 845 2226 19.
871 2193 948 2226 0011.
973 2193 1026 2229 21.
1053 2193 1105 2226 22.

323 2253 374 2294 11)
400 2251 514 2284 emh.
541 2253 667 2293 xvm,
692 2253 743 2286 ρο.
771 2254 849 2289 ςοιι.
874 2255 902 2287 4.
