1404 2463
372 110 417 132 m:
443 100 635 132 ancwns
660 100 771 132 Lusi-:n
800 100 839 132 ll.
1106 99 1168 134 201

145 190 166 224 4
221 191 368 234 Oportet
404 201 482 231 ergo
520 201 580 220 nos
611 187 712 227 sdre,
750 187 871 233 qui-2¹)
903 187 1094 223 Paracletus
1125 199 1173 223 est

56 253 200 299 Spiritus
231 261 379 292 sanctus,
421 251 542 283 docens
580 248 706 296 majora
738 263 836 294 quam
869 262 951 282 voce
981 251 1174 295 proferri²)

56 324 211 360 possunt,
248 322 296 352 et,
335 322 371 345 ut
402 312 446 345 ita
478 310 635 350 dixerim,
675 324 757 355 quae
790 310 976 343 ineffabilia
1009 321 1103 352 sunt,
1143 322 1175 344 ct

57 376 208 420 „quae³)
241 387 307 407 non
339 373 418 406 licet
447 373 574 405 homini
589 374 621 417 ¹²)
649 372 789 416 loqui:“
827 372 860 405 id
886 382 949 412 est,
982 386 1065 417 quae
1089 373 1176 405 indi-

57 437 123 469 cari
156 436 299 468 humano
329 447 482 467 sermone
521 447 588 467 non
627 443 775 478 possunt.
835 433 938 477 Quod
968 444 1079 468 autem
1112 436 1174 468 ait:

55 498 167 542 non⁵)
195 497 317 530 licet:“
354 509 416 541 pro
448 509 508 536 eo,
539 496 629 540 quod
657 509 743 536 „non
770 505 898 540 potest«
926 496 1051 528 (lictum
1076 497 1177 528 senti-

56 572 127 592 mus
152 559 191 590 ab
216 558 383 602 apostolo,
413 557 497 590 sicut
509 558 541 601 ⁶)
567 566 600 589 et
623 556 681 598 ibi,
706 557 763 589 ubi
788 557 851 589 ait:
878 557 1023 599 „Omnia
1037 557 1068 601 ⁷)
1093 558 1175 590 mihi

55 619 175 659 licent,
198 620 254 652 sed
280 632 345 650 non
372 618 483 650 omnia
508 618 706 661 expediunt:
732 619 842 651 omnia
866 619 947 651 mihi
971 619 1091 659 licent,
1116 621 1175 653 sed

56 694 123 713 non
149 681 260 712 omnia
284 680 491 712 aedificant.“
539 679 586 712 Ea
612 679 717 720 enim,
743 693 885 724 quorum
910 690 1056 725 potestas
1080 682 1177 714 nobis

55 751 120 782 est,
159 751 300 786 propter
338 742 427 786 quod
459 741 580 773 habere
613 754 648 773 ea
682 743 914 786 possumus,‘¹)
947 742 1047 775 licere
1079 743 1175 776 nobis

56 802 146 836 dicit.
195 804 382 835 Paracletus
415 816 493 835 vero
525 803 616 847 quod
649 802 773 835 dicitur
802 803 945 848 Spiritus
976 814 1126 845 sanctus,
1156 819 1174 838 :t

55 864 285 898 consolatione
325 865 457 898 dicitur.
514 864 696 897 Paraclesis
737 865 823 897 enim
858 865 955 898 latine
988 868 1176 900 consolatio

55 926 252 970 appellatur.
307 927 342 960 Si
376 927 447 971 quis
478 939 620 971 namque
652 928 693 958 de
724 927 852 971 Spiritu
888 937 1002 960 sancto
1038 928 1174 973 partici-

57 1000 134 1031 pare
159 988 333 1027 meruerit,
359 987 499 1030 cognitis
524 988 752 1020 ineffabilibus
777 989 998 1028 sacramentis,
1025 991 1172 1022 consola-

56 1049 182 1081 tionem
208 1049 277 1082 sine
303 1050 407 1082 dubio
434 1059 466 1082 et
490 1049 650 1082 laetitiam
672 1050 780 1082 cordis
800 1050 946 1083 assumit.
984 1051 1068 1084 Cutn
1087 1053 1175 1085 enim

55 1111 197 1143 rationes
229 1111 397 1150 omnium,
438 1124 521 1155 quae
551 1111 651 1151 fmnt,
690 1125 790 1156 quare
831 1113 881 1144 vel
913 1112 1055 1156 qualiter
1085 1113 1177 1153 fiant,

57 1172 184 1216 Spiritu
216 1172 380 1205 indicante
413 1173 627 1214 cognoverit,
666 1173 698 1205 in
723 1173 817 1205 nullo
843 1174 958 1218 utique
985 1175 1177 1207 conturbari

57 1233 125 1278 ejus
157 1234 263 1267 anima
295 1234 437 1278 poterit,
473 1243 530 1266 aut
559 1234 666 1266 ullum
698 1247 827 1267 sensum
854 1237 1017 1268 moeroris
1032 1235 1064 1280 ⁹)
1089 1238 1177 1270 acci-

57 1307 154 1339 pere:
186 1309 247 1328 nec
279 1295 310 1328 in
336 1296 449 1340 aliquo
474 1305 634 1335 tvm-etur,
670 1309 744 1328 cum
771 1298 872 1329 verbo
902 1297 964 1330 Hei
991 1308 1023 1330 et
1045 1299 1176 1343 sapien-

57 1355 121 1388 tiae
146 1356 214 1402 ejus
240 1356 420 1397 inhaerens,
445 1357 630 1389 Dominum
654 1357 768 1389 Jesum
793 1358 876 1390 dicit
901 1359 932 1391 in
951 1360 1080 1404 Spiritu
1104 1374 1177 1393 san-

57 1419 190 1462 cto.¹⁰)
238 1419 360 1450 Verum
394 1418 551 1462 quoniam
584 1418 748 1452 Paracleti
788 1420 928 1453 fecimus
958 1422 1176 1463 mentionem,

58 1489 90 1512 et
121 1493 182 1524 pro
216 1480 338 1512 viribus
369 1481 488 1513 uostris
513 1480 656 1525 qualiter
681 1481 721 1513 de
747 1494 786 1513 eo
812 1482 925 1514 sentiri
950 1484 1086 1525 ‹lt-beat,
1122 1499 1177 1519 ex-

57 1541 245 1585 posuimus;
271 1541 392 1574 dicitur
416 1552 526 1575 autem
552 1541 650 1574 etiam
674 1543 829 1575 Salvator
852 1554 965 1577 noster
989 1547 1176 1590 paracletus

59 1602 91 1634 in
116 1602 255 1646 epistola
279 1603 427 1643 Joannis,
453 1617 527 1637 cum
552 1603 648 1636 dicit:
672 1604 800 1649 „Si¹¹)
827 1605 899 1649 quis
924 1617 1072 1640 nostrum
1099 1622 1176 1653 pec·

154 1753 184 1796 ¹)
209 1753 270 1786 Ed.
295 1754 342 1786 Μ.
369 1754 410 1786 ll.
437 1755 583 1798 „quod.“

151 1809 184 1851 ²)
211 1810 257 1842 lta
282 1820 370 1842 recte
395 1811 472 1842 Mss.
500 1810 587 1842 Alias
611 1811 656 1854 (v.
683 1825 709 1844 c.
736 1811 768 1843 in
794 1813 870 1848 edd.
890 1814 955 1856 M.)
985 1815 1110 1857 „lieri.“
1136 1817 1165 1850 R

153 1865 185 1903 ³)
211 1865 242 1897 ll
269 1865 348 1898 Cor.
373 1866 448 1905 ΧΗ,
474 1867 505 1899 4,

154 1920 186 1963 ⁴)
214 1920 269 1954 Sic
293 1922 371 1954 Mss.
403 1922 439 1955 ln
473 1922 569 1955 editis
600 1923 646 1967 (v.
677 1936 703 1955 c.
736 1924 810 1956 edd.
836 1925 899 1968 Μ)
925 1926 1061 1968 legitur:
1095 1929 1178 1969 „ho-

60 1965 235 1998 minibus.“
262 1966 300 1999 R.

155 2023 187 2065 5)
216 2022 315 2054 Deest
341 2027 449 2062 „non“
478 2023 508 2055 in
535 2024 588 2055 ed.
618 2024 665 2055 Μ.
691 2025 715 2056 l.
744 2045 780 2050 —
810 2026 837 2058 ll
865 2026 943 2060 Cor.
966 2028 1042 2067 th,
1067 2029 1096 2063 4.

70 2106 72 2108 .
153 2079 186 2117 5)
212 2077 268 2110 Sic
296 2078 374 2112 Mss.
403 2079 491 2111 Alias
524 2081 570 2121 (v.
604 2093 630 2111 c.
654 2079 687 2112 in
714 2080 786 2113 edd.
814 2082 880 2126 M.)
912 2083 1016 2124 „sicut
1041 2095 1073 2117 et
1096 2086 1175 2119 alibi

62 2122 136 2155 ait.“
165 2123 202 2155 R.
298 2123 329 2165 ⁷)
357 2125 369 2156 l
397 2124 474 2156 Cor.
498 2125 541 2163 X,
565 2124 618 2159 23.
712 2125 745 2168 Θ)
770 2126 855 2160 Edd.
881 2128 927 2161 M.
954 2131 1173 2173 „possimus.“

154 2179 187 2221 9)
212 2178 268 2211 Sic
291 2180 368 2211 Mss.
395 2179 484 2212 Alias
509 2181 554 2222 (v.
581 2194 609 2213 c.
636 2181 668 2213 in
694 2182 770 2216 edd.
795 2183 858 2227 M.)
886 2184 1066 2225 „timoris.“
1092 2188 1131 2220 R.

137 2234 188 2275 ¹⁰)
213 2235 316 2266 Deest
340 2236 372 2268 in
397 2245 491 2269 antea
516 2236 611 2269 editis
636 2239 681 2280 (v.
708 2251 734 2270 e.
760 2239 836 2272 edd.
860 2241 935 2283 NL),
958 2242 1015 2274 sed
1041 2243 1179 2277 habetur

66 2278 96 2312 in
123 2280 200 2312 Mss.
227 2285 391 2321 „sancto.⁴‘
419 2281 457 2314 R.
563 2283 617 2326 ¹¹)
643 2283 655 2315 l
681 2284 801 2319 Joann.
828 2286 871 2329 ll,
895 2285 925 2319 1.
950 2286 981 2319 2.
