1404 2463
436 132 481 156 niz
506 122 701 157 PMNCIPns
725 124 836 157 Lmnn
862 123 886 155 Ι.
1182 122 1225 158 29

101 210 229 244 dictum
255 221 314 253 est,
339 212 496 256 quoniam
521 212 635 254 „Deus
653 212 682 257 ⁸)
713 211 848 256 spiritus
875 215 964 252 cst‚“
1003 225 1124 258 corpus
1154 227 1223 247 csse

100 273 302 306 arbitrantur
324 274 501 319 Deum‚²)
532 273 597 306 hoc
620 274 725 306 modo
757 274 901 306 arbitror
924 287 994 307 esse
1018 277 1224 319 responden-

101 335 200 367 dum:
226 336 442 369 Consuetudo
469 344 516 368 est
527 335 720 379 scripturae
737 346 878 374 sanctae,
903 349 978 369 cum
996 336 1123 381 aliquid
1141 351 1222 370 con-

100 396 240 429 trarium
265 396 400 442 corpori
423 396 499 429 huic
524 396 677 429 crassiori
712 406 745 429 et
767 398 923 430 solidiori
948 398 1118 440 designare
1142 400 1223 438 vult,

99 457 253 501 spiritum
276 457 462 501 nominare,
488 459 573 491 sicut
596 458 694 490 dicit:
727 459 857 499 „Litera
872 460 905 504 ³)
931 460 1065 499 occidit,
1088 459 1223 504 spiritus

99 528 210 552 autem
235 519 410 552 vivificat.“
457 521 495 552 ln
528 532 595 564 quo
630 519 701 552 sine
726 520 829 552 dubio
857 534 918 565 per
942 521 1073 553 literam
1100 534 1223 565 corpo-

99 581 179 614 ralia
203 581 420 626 significat,⁴)
445 594 507 630 per
529 581 683 625 spiritum
707 581 963 622 intellectualia,
989 596 1073 627 quae
1098 592 1130 615 et
1154 583 1223 627 spi-

98 642 231 675 ritualia
265 643 415 677 dicimus.
468 644 652 688 Apostolus
681 657 816 688 quoque
848 644 946 678 dicit:
984 645 1164 689 „Usque⁵)
1189 644 1224 676 in

99 703 309 745 hodiernum,
333 718 408 737 cum
434 705 555 747 legitur
579 705 711 746 Moses,
743 706 894 738 velamen
926 715 974 739 est
998 706 1144 750 positum
1170 720 1220 738 su-

88 762 160 810 'per
185 779 244 798 cor
267 779 404 799 eorum:
431 780 505 800 cum
531 776 642 800 autem
668 780 848 801 conversus
871 768 973 800 fuerit
997 768 1069 813 quis
1094 769 1135 800 ad
1150 768 1223 800 Do-

99 828 242 869 minum,
272 829 443 861 auferetur
473 831 640 862 velamen:
670 829 728 862 ubi
759 839 871 862 autem
901 829 1038 873 spiritus
1068 830 1221 869 Domini,

95 888 145 922 ibi
168 889 336 923 libertas.“
374 891 496 924 Donec
520 891 608 924 enim
633 892 706 935 quis
728 904 797 924 non
820 904 855 924 se
879 890 1083 924 converterit
1107 892 1148 924 ad
1172 891 1223 924 in-

95 951 314 994 telligentiam
337 952 564 998 spiritualem,
600 962 649 986 est
678 953 826 997 positum
862 953 1014 985 velamen
1038 965 1140 998 super
1164 965 1223 985 cor

97 1012 186 1058 ejus,
217 1026 284 1058 quo
316 1015 499 1056 velamine,
539 1015 573 1046 id
604 1024 653 1047 est
681 1014 900 1056 intelligentia
926 1014 1103 1054 crassiore,
1136 1013 1224 1047 Scri-

96 1084 197 1119 ptura
217 1076 290 1121 ipsa
315 1075 419 1108 velari
444 1075 577 1115 dicitur,
603 1076 655 1108 vel
678 1085 833 1120 putatur:
866 1085 898 1108 et
922 1076 985 1109 hoc
1010 1086 1059 1110 est
1083 1078 1174 1122 quod
1187 1077 1220 1121 ⁶)

97 1136 146 1169 ait
168 1138 418 1182 superpositum
443 1150 513 1170 esse
537 1137 687 1170 velamen
713 1137 821 1170 vultui
844 1137 969 1176 Mosis,
1002 1151 1078 1171 cum
1102 1140 1222 1184 loque-

97 1208 190 1231 retur
214 1199 256 1231 ad
279 1199 458 1243 populum,
481 1199 515 1231 id
541 1208 606 1239 est,
631 1213 706 1232 cum
733 1188 784 1232 lex
808 1200 908 1241 vulgo
931 1200 1137 1234 recitaretur.
1184 1201 1222 1235 Si

95 1269 208 1292 autern
233 1269 464 1293 convertamus
486 1273 547 1294 nos
571 1262 611 1293 ad
635 1261 842 1300 Dominum,
866 1260 925 1292 ubi
950 1270 999 1293 est
1024 1270 1057 1293 et
1081 1262 1221 1294 verbum

96 1321 174 1362 Dei,
200 1330 232 1354 et
254 1321 313 1354 ubi
333 1322 478 1366 Spiritus
495 1331 626 1355 sanctus
650 1322 775 1355 revelat
799 1321 973 1355 scientiam
996 1323 1221 1367 spiritualem:

95 1391 176 1415 tunc
199 1384 368 1416 auferetur
391 1383 554 1424 velamen,
578 1393 611 1416 et
633 1393 714 1416 tunc
736 1383 884 1417 revelata
905 1383 992 1417 facie
1017 1383 1051 1416 in
1068 1385 1222 1430 Scriptu-

95 1444 140 1477 ris
162 1444 282 1478 sanctis
305 1444 445 1487 gloriam
470 1445 611 1478 Domini
635 1446 894 1490 speculabimur.

184 1506 216 1541 3.
263 1506 331 1540 Sed
356 1516 389 1539 et
414 1521 488 1540 cum
525 1508 566 1540 de
591 1508 721 1552 Spiritu
750 1517 864 1540 sancto
895 1507 994 1540 multi
1018 1508 1122 1541 sancti
1146 1521 1222 1553 par-

94 1566 244 1612 ticipant,
267 1581 336 1600 non
359 1569 476 1614 utique
500 1582 621 1614 corpus
652 1570 790 1614 aliquod
814 1568 955 1610 intelligi
979 1578 1091 1613 potest
1115 1568 1222 1613 Spiri-

94 1637 148 1662 tus
171 1639 321 1670 sanctus,
351 1631 443 1675 quod
475 1630 616 1665 divisum
646 1631 680 1663 in
705 1640 816 1676 partes
840 1629 1033 1675 corporales
1055 1630 1222 1675 percipiat

95 1690 322 1736 unusquisque
353 1701 560 1726 sanctorum:
597 1694 656 1725 sed
687 1692 790 1725 virtus
820 1692 976 1737 profecto
1011 1692 1220 1724 sanctificans

97 1761 157 1791 est,
180 1751 272 1798 cujus
295 1753 510 1800 participium
523 1755 555 1799 ⁷)
579 1754 702 1787 habere
725 1753 882 1788 dicuntur
913 1765 1046 1796 omnes,
1077 1752 1133 1798 qui
1158 1765 1220 1798 per

194 1879 225 1923 ¹)
251 1880 311 1914 Ev.
334 1882 453 1916 Joann.
478 1883 534 1924 IV,
557 1883 612 1917 24.

189 1936 224 1979 2)
247 1936 353 1968 Deest
375 1937 409 1969 in
426 1947 520 1971 antea
538 1938 634 1971 editis
658 1938 705 1983 (v.
720 1951 746 1971 c.
766 1938 840 1971 edd.
854 1939 919 1983 Μ.)
945 1950 1025 1971 vox:
1051 1938 1217 1980 „Deum,“

97 1992 181 2026 quae
205 1982 239 2014 in
266 1981 345 2015 Mss.
372 1983 528 2016 omnihus
552 1984 727 2029 reperitur.
760 1984 799 2017 R.

188 2035 222 2081 ³)
250 2037 277 2068 ll
304 2037 382 2071 Cor.
406 2038 464 2078 Ill,
488 2039 519 2073 6.

188 2092 222 2137 ⁴)
246 2093 302 2126 Sic
327 2094 406 2126 Mss.
432 2095 522 2127 Alias
546 2096 593 2140 (v.
618 2110 646 2130 c.
670 2095 703 2129 in
728 2096 803 2129 edd.
829 2096 894 2140 M.)
930 2095 1086 2138 „signat.“
1110 2095 1151 2128 R.

189 2150 222 2193 ⁵)
247 2150 316 2183 Cfr.
343 2150 371 2181 ll
397 2149 475 2195 Cor.
500 2152 560 2191 Ill,
586 2152 727 2187 15—17.

188 2205 222 2248 6)
249 2205 319 2239 Cfr.
343 2205 449 2238 Exod.
472 2206 633 2249 XXXIV,
658 2208 710 2243 35.

189 2259 221 2303 ⁷)
247 2261 303 2293 Sic
328 2262 406 2294 Mss.
433 2262 522 2295 Alias
547 2264 593 2307 (v.
616 2277 642 2296 c.
665 2263 697 2296 in
718 2266 792 2297 edd.
809 2265 874 2314 Μ)
900 2264 1135 2309 „participium
1160 2264 1217 2295 de-

98 2304 177 2337 bent
201 2304 320 2338 habere
346 2320 472 2349 omnes,
498 2308 553 2353 qui
578 2322 639 2353 per
662 2329 704 2333 -—
730 2315 955 2344 ιιιετιιεῑυιη.ιζ
982 2311 1021 2342 R.
