1404 2463
379 122 424 144 nt:
450 111 643 144 ancipns
667 110 780 142 Lmssn
803 110 826 143 l.
1098 110 1162 145 115

43 211 77 234 et
99 209 207 234 ereata
232 200 443 245 pronuntiat,
470 199 540 232 sive
564 198 724 240 visibilia,
757 210 840 242 quae
863 208 940 230 sunt
963 201 1164 244 corporalia,

42 262 109 295 sive
133 262 320 301 invisibilia,
345 275 428 307 quae
452 274 520 293 non
545 260 609 292 alia
634 260 733 292 etiam
759 259 904 292 arbitror
928 273 1026 304 quam
1051 261 1162 295 incor-

41 336 160 368 poreas
185 323 439 368 spiritualesque
466 321 611 354 virtutes.
654 321 786 353 Horum
810 330 930 360 autem,
956 335 1039 365 quae
1064 323 1116 356 vel
1133 325 1163 367 ¹)

41 397 214 429 corporea,
239 385 292 417 vel
316 384 515 428 incorporea
547 381 743 424 generaliter
771 382 913 422 dixerat,
945 392 981 414 ut
1011 383 1094 416 mihi
1117 385 1164 417 vi-

41 447 151 484 detur,
174 446 250 490 (72)
274 445 308 478 in
332 445 546 490 sequentibus
571 453 742 477 enumerat
765 443 903 487 species,
927 443 961 475 id
986 454 1035 476 est
1058 446 1162 485 sedes,

41 506 295 547 dominationes,
320 506 533 551 principatus,
556 515 748 550 potestates,
772 504 920 538 virtutes.

128 568 220 601 Haec
243 577 353 600 autem
378 581 395 600 a
418 568 516 600 nobis
539 567 711 612 praedicta
735 566 799 598 sint
822 567 1010 600 volentibus
1025 581 1086 611 per
1111 581 1164 601 or-

41 629 153 662 dinem
183 630 224 662 ad
236 629 269 673 ²)
300 629 551 673 inquisitionem
583 629 665 662 solis
697 638 730 661 et
755 628 869 668 lunae,
902 628 954 660 vel
978 630 1163 671 stellarum,

40 704 101 735 per
133 691 403 735 consequentiam
434 690 626 735 pervenire:
657 699 769 722 utrum
801 689 945 734 etiamss)
975 690 1045 734 ipsa
1077 691 1165 724 inter

39 750 244 796 principatus
267 751 383 784 haberi
408 752 582 784 conveniat
604 764 667 796 pro
694 765 747 790 eo,
784 752 876 796 quod
901 751 1057 784 dicuntur
1071 753 1104 797 ⁴)
1129 753 1164 785 in

0 836 1 842 ,
40 812 161 857 ἀρχάς,
184 812 219 845 id
238 822 298 852 est,
322 813 354 844 in
374 813 598 857 principatum
613 813 681 845 diei
697 814 793 853 facta,
817 813 869 845 vel
886 813 1010 855 noctis;
1035 827 1077 847 an
1101 828 1165 859 pu-

0 875 1 881 *
40 875 138 906 tanda
161 873 227 907 sint
250 874 350 906 istum
365 876 397 918 ⁵)
422 875 531 906 solum
557 875 677 907 habere
702 875 925 919 principatum
952 875 1018 907 diei
1041 888 1079 908 ac
1102 889 1164 908 no-

40 936 110 976 ctis,
136 948 215 980 quas
239 935 462 968 illuminando
488 936 638 968 officium
663 945 791 978 gerunt,
815 950 883 968 non
899 945 1009 968 tamen
1034 937 1097 970 sint
1122 939 1163 970 de

38 997 99 1029 illo
125 997 244 1029 ordine
269 997 515 1041 principatuum
541 997 708 1041 princeps.

127 1058 158 1092 2.
207 1059 444 1090 Verumtamen
461 1070 534 1089 cum
555 1057 688 1098 dicitur,
701 1060 735 1102 6)
755 1058 832 1103 quia
850 1059 960 1091 onmia
977 1072 1038 1103 per
1055 1059 1164 1104 ipsum

38 1119 124 1151 tacta
148 1127 233 1158 sunt,
259 1129 291 1151 et
315 1119 349 1150 in
374 1118 447 1163 ipso
474 1127 582 1150 creata
605 1129 681 1151 sunt
705 1120 828 1160 omnia,
852 1119 920 1152 sive
935 1133 1018 1165 quae
1036 1120 1069 1154 in
1087 1134 1164 1154 coe-

41 1179 81 1212 lis
104 1189 190 1218 sunt,
214 1180 282 1212 sive
307 1193 390 1224 quae
409 1188 484 1211 sunt
508 1179 541 1211 iu
556 1188 655 1220 terra,
680 1194 748 1213 non
766 1190 877 1225 potest
892 1182 1046 1221 dubitari,
1071 1184 1163 1227 quod

41 1241 140 1273 etiam
167 1254 221 1280 ea,
253 1254 335 1285 quae
361 1240 392 1272 in
418 1241 627 1273 firmamento
653 1252 746 1281 sunt,
772 1243 863 1286 quod
889 1244 1022 1275 coelum
1047 1244 1162 1288 utique

42 1301 240 1345 appellatur,
264 1302 298 1333 in
323 1315 390 1346 quo
416 1302 590 1334 luminaria
614 1302 674 1334 ista
699 1303 806 1346 posita
832 1316 901 1335 esse
925 1303 1090 1345 dicuntur,
1114 1306 1163 1338 in-

40 1370 93 1393 ter
117 1361 321 1405 coelestia7)
346 1373 571 1396 numerentur.
620 1363 706 1395 Tum
734 1364 855 1396 deinde
882 1378 955 1397 cum
982 1366 1092 1399 omnia
1116 1368 1164 1399 fa·

42 1432 94 1455 cta
118 1436 186 1455 esse
211 1424 264 1455 vel
290 1435 417 1466 creata,
443 1435 475 1457 et
501 1425 534 1457 in
558 1424 626 1464 his,
651 1438 734 1469 quae
759 1426 844 1458 facta
868 1436 959 1466 sunt,
985 1427 1068 1460 nihil
1094 1441 1163 1461 esse

42 1485 134 1529 quod
157 1498 226 1517 non
249 1486 379 1519 bonum
403 1488 595 1530 malumque
617 1485 768 1530 recipiat,
792 1495 890 1531 atquc
917 1488 1089 1533 utriusque
1114 1502 1166 1522 ca-

135 1642 166 1685 ¹)
191 1642 327 1682 Deest,
329 1642 414 1676 vel“
440 1641 474 1673 in
502 1642 576 1675 edd.
601 1643 648 1674 M.

133 1697 166 1740 2)
194 1696 285 1739 Quid
312 1697 476 1738 Origenes
507 1698 549 1729 de
582 1697 676 1730 astris
703 1708 910 1730 commentus
934 1698 992 1739 sit,
1018 1699 1165 1745 disputat

45 1741 188 1774 Huetius
212 1742 268 1774 lib.
295 1744 336 1775 ll.
365 1742 596 1784 Origenianor.
623 1753 746 1787 quaest.
772 1744 865 1776 Vlll.
891 1744 929 1775 R.

135 1798 169 1840 ³)
195 1797 357 1830 Desunt
349 1811 380 1830 in
407 1798 500 1830 libris
529 1807 623 1830 antea
656 1798 752 1830 editis
784 1798 828 1841 (v.
854 1811 880 1832 c.
906 1799 982 1831 edd.
1005 1800 1042 1831 Μ
1047 1800 1082 1844 .),
1106 1802 1164 1833 sed

43 1842 239 1875 habentur
230 1855 264 1874 in
290 1844 369 1877 Mss.
394 1843 548 1875 omnibus
573 1844 688 1875 verba.
717 1843 837 1884 „etiam
862 1843 941 1888 ipsa.
947 1849 962 1865 *⁴
990 1845 1030 1877 R.

137 1897 169 1941 ⁴)
195 1898 251 1932 Sic
285 1898 364 1931 Mss.
397 1898 485 1931 Alias
518 1899 564 1941 (v.
598 1912 625 1931 c
658 1898 690 1931 in
725 1899 799 1931 edd.
809 1899 891 1954 M.)
925 1900 1100 1941 „dicuntur
1130 1902 1164 1934 in

43 1942 290 1987 ΡιίῃοὶΡειῑυιη“
317 1953 389 1982 etc„
413 1943 541 1975 omissis
565 1944 690 1976 verbis:
717 1943 771 1985 „in
796 1943 920 1989 ἀρχάς,
946 1945 980 1977 id
1006 1955 1064 1978 est.
1070 1950 1086 1966 “
1106 1947 1145 1980 R.

135 1998 167 2042 ⁵)
195 1998 242 2030 Ita
276 1998 362 2032 Cod.
392 1999 491 2032 Mser.
522 1999 774 2032 Virodunensis.
822 2000 858 2032 ln
890 1999 962 2032 aliis
997 2001 1077 2035 Mss.
1101 2014 1164 2046 pro

44 2043 197 2085 „solum“
225 2043 360 2085 legitur:
388 2045 525 2084 „solem,
530 2047 547 2064 “
571 2045 606 2076 in
631 2045 723 2076 libris
747 2057 825 2076 vero
852 2045 948 2077 editis
974 2046 1018 2089 (v-
1040 2060 1066 2079 c.
1087 2047 1164 2081 edd.

44 2089 109 2129 Μ.)
135 2089 199 2121 sic:
232 2098 352 2130 „istum
387 2090 494 2121 solem
518 2089 640 2121 habere
663 2112 706 2119 -
732 2089 814 2130 dici,
846 2103 883 2122 ac
908 2090 1020 2123 lunam
1046 2092 1164 2130 noctis,

44 2147 128 2178 quos
152 2134 396 2166 illuminando“
423 2143 485 2167 ete.
509 2135 549 2168 R.

135 2190 169 2233 ὃ)
195 2190 263 2223 Cfr.
289 2189 422 2223 Coloss.
446 2191 469 2229 Ι,
495 2189 545 2223 16.

137 2246 172 2288 ⁷)
197 2246 253 2279 Sic
275 2246 355 2279 Mss.
383 2245 476 2277 Editi
501 2258 579 2278 vero
605 2246 651 2290 (V.
666 2259 692 2278 c.
709 2246 786 2279 edd.
801 2246 867 2290 M.)
893 2247 1072 2289 „coelestia
1097 2261 1165 2281 csse

45 2300 270 2324 numerentur.
319 2290 404 2323 Cum
429 2290 551 2324 deinde
575 2290 686 2324 omnia
710 2291 819 2325 sacta“
837 2300 908 2326 cte.
935 2293 973 2326 R.

846 2352 901 2386 8ἑί-
