1404 2463
181 68 245 102 120
650 68 825 100 Omossffls

181 155 309 199 concipi
327 157 356 199 ¹)
388 164 517 200 potest,
549 168 754 201 consequens
779 165 862 200 puto
895 155 1001 187 multo
1028 153 1127 196 tnagis
1153 155 1232 187 baec
1257 155 1302 186 de

181 217 379 250 coelestibus
403 217 590 257 sentienda,
615 230 697 262 quae
723 217 823 249 etiam
847 217 880 249 in
904 215 1096 249 hominibus
1120 214 1204 248 ratio
1229 215 1302 260 ipsa

181 288 214 310 et
239 279 429 322 Scripturae
454 279 632 311 auctoritas
656 279 790 311 videtur
813 279 1000 312 ostendere.

268 341 299 374 5.
347 341 413 374 Sed
446 340 632 378 videamus.
670 340 697 372 si
735 353 832 384 quam
865 339 1001 384 proprie
1033 339 1132 371 etiam
1157 339 1198 371 de
1221 338 1305 382 ipsis

182 401 380 434 coelestibus
411 401 660 443 significantiam
692 402 756 447 jam
788 402 879 446 apud
911 401 1116 445 Scripturam
1155 410 1303 444 sanctam

181 463 346 507 possimus
371 463 528 495 invenire.
565 463 688 496 Paulus
713 464 886 506 apostolus
911 463 956 495 ait
979 462 1034 501 ita,
1060 462 1230 506 quoniam,
1253 463 1305 494 in·-

183 523 268 568 quit‚
310 525 508 567 „vanitati2)
541 534 688 556 creatura
725 526 871 568 subjecta
903 534 950 556 est
982 537 1048 556 non
1075 524 1209 566 volens,
1243 524 1304 556 sed

180 594 321 629 propter
345 599 430 625 eum,
454 586 510 630 qui
535 585 676 631 subjecit
708 586 741 618 in
773 599 850 629 spe,
888 585 964 630 quia
996 595 1028 618 et
1059 585 1128 629 ipsa
1154 595 1304 618 creatura

182 647 377 679 liberabitur
400 660 416 679 a
440 647 597 679 servitute
623 646 849 691 corruptionis
871 647 902 679 in
916 647 948 690 ³)
974 647 1160 678 libertatem
1178 646 1304 688 gloriae

181 708 329 740 filiorum
355 708 450 741 Dei.“
501 709 563 741 Cui
589 710 729 741 obsecro
753 706 885 740 vanitati
904 717 1052 740 creatura
1072 707 1218 753 subjecta
1244 718 1307 744 est,

182 770 234 802 vel
263 783 344 814 quae
370 780 528 809 creatura,
552 771 605 802 vel
631 771 804 815 quomodo
830 783 898 802 non
923 770 1048 808 volem,
1073 770 1127 801 vel
1151 770 1212 801 sub
1238 783 1302 814 qua

182 831 264 875 spe?
288 831 365 875 Quo
391 842 500 863 autem
525 832 628 863 modo
661 831 731 875 ipsa
761 841 909 864 creatura
943 830 1139 863 liberabitur
1161 844 1179 863 a
1202 831 1306 864 servi-

183 902 253 924 tute
277 892 524 937 corruptionis?
548 893 616 926 Sed
631 902 663 924 et
677 892 756 925 alibi
769 893 842 937 ipse
864 892 1036 937 apostolus
1061 892 1123 924 ait:
1149 893 1302 936 „Nam⁴)

185 954 384 998 exspectatio
425 963 591 986 creaturae
628 954 868 986 revelationem
898 954 1046 986 {iliorum
1082 954 1149 986 Dei
1188 967 1303 999 exspe-

184 1019 280 1047 ctat.“
329 1015 370 1047 Et
395 1015 513 1047 iterum
539 1016 618 1047 alibi
644 1016 704 1048 ait:
733 1017 874 1060 „Non⁵)
899 1016 1008 1047 solum
1026 1024 1135 1047 autern
1150 1028 1221 1055 nos,
1244 1017 1306 1049 sed

184 1086 215 1108 et
240 1076 306 1120 ipsa
333 1087 481 1109 creatura
506 1077 731 1118 congemiscit,
757 1087 789 1109 et
813 1077 971 1109 condolet
983 1077 1015 1120 ⁶)
1048 1090 1153 1121 usque
1179 1083 1305 1111 nun‘c.“

182 1138 279 1170 Unde
304 1139 537 1183 inquirendum
563 1148 629 1177 est,
654 1138 755 1183 qui7)
779 1138 821 1171 sit
845 1137 1005 1179 gemitus,
1032 1138 1085 1170 vel
1111 1138 1167 1183 qui
1191 1139 1255 1172 sint
1267 1140 1307 1185 ⁵¹)

184 1200 318 1232 dolores
342 1199 421 1244 ejus.
468 1200 511 1232 Et
536 1200 645 1243 primo
672 1212 748 1241 ergo
776 1199 956 1239 videamus,
984 1212 1066 1244 quae
1092 1210 1140 1232 est
1165 1205 1303 1243 vanitas,

185 1262 237 1293 cui
261 1271 408 1293 creatura
433 1260 580 1305 subjecta
605 1270 662 1294 est.
710 1261 781 1301 Ego
813 1261 948 1305 quidem
973 1261 1118 1294 arbitror
1140 1274 1207 1294 non
1233 1275 1304 1295 esse

187 1323 283 1355 aliam
310 1323 506 1363 vanitatem,
532 1335 628 1366 quam
656 1332 814 1366 corpora:
847 1335 921 1353 nam
947 1321 1024 1354 licet
1048 1323 1238 1356 aethereum
1263 1324 1304 1357 sit

184 1397 304 1428 corpus
329 1393 503 1425 astrorum,
526 1384 683 1428 tamen⁹)
706 1393 757 1415 est
779 1383 962 1416 materiale.
1017 1383 1114 1416 Unde
1145 1394 1178 1417 et
1207 1385 1304 1418 Salo-

183 1458 261 1477 mon
288 1445 370 1477 mihi
393 1446 578 1478 universam
614 1457 809 1489 corpoream
839 1454 987 1476 naturam
1012 1445 1103 1477 velut
1128 1459 1302 1480 onerosam

185 1508 452 1551 quodammodo,
486 1517 516 1539 ct
551 1507 695 1549 vigorem
721 1506 898 1550 spirituum
924 1506 1212 1553 retardantemm)
1238 1509 1307 1541 hoc>

282 1669 312 1711 ¹)
337 1667 392 1700 Sic
418 1669 496 1701 Mss.
523 1667 614 1700 Alias
640 1668 687 1711 (v.
712 1680 739 1699 c.
765 1667 798 1699 in
824 1668 898 1699 edd.
924 1669 988 1711 M.)
1015 1648 1186 1714 „conjici.“
1213 1670 1250 1702 R.

275 1724 315 1803 23)ν
334 1724 401 1758 Cfr.
427 1725 523 1756 Rom.
544 1724 635 1765 VIM,
662 1723 714 1756 20.
731 1723 785 1756 21.
811 1724 891 1756 coll.
917 1724 968 1757 ed.
988 1725 1113 1768 Redep.
1138 1737 1212 1769 pag.
1228 1725 1301 1759 152.

185 1777 254 1801 not.
302 1780 330 1802 O.

274 1826 308 1865 ³)
334 1826 388 1859 Sic
421 1824 498 1858 Mss.
531 1823 620 1855 Libri
654 1823 733 1855 editi
764 1825 811 1868 (v.
837 1837 863 1856 c.
890 1825 965 1857 edd.
990 1825 1055 1869 M.)
1090 1825 1144 1866 „in
1169 1826 1303 1858 laudem

184 1869 328 1910 gloriae“
356 1880 416 1904 etc.
443 1871 479 1902 R.
575 1870 606 1911 ὗ)
634 1869 731 1901 Rom.
756 1870 844 1909 Vlll,
871 1870 922 1904 19.

277 1926 308 1968 ⁵)
333 1926 400 1958 Csr.
427 1926 525 1958 Rom.
549 1925 639 1963 Vlll,
666 1924 719 1958 22.
745 1926 821 1958 coll.
845 1925 898 1959 23.

274 1983 307 2025 ὓ)
333 1982 388 2014 Sic
414 1982 490 2014 Mss.
515 1981 605 2013 Libri
630 1981 710 2013 editi
736 1982 781 2024 (v.
808 1996 834 2014 c.
859 1982 932 2014 edd.
961 1981 1024 2021 Μ.)
1051 1981 1244 2026 „parturit.“
1261 1982 1300 2015 R.

275 2037 308 2081 ⁷)
331 2037 393 2070 Ed.
418 2038 467 2070 M.
491 2039 514 2070 1.
541 2038 674 2081 „quid‚“
701 2038 750 2070 ed.
777 2038 824 2070 Μ.
853 2039 891 2070 Η.
917 2037 1044 2082 „qui5.“

275 2094 309 2136 ⁸)
332 2093 393 2125 Ed.
419 2093 467 2128 M.
493 2094 518 2125 Ι.
545 2098 671 2134 „sunt.“

277 2149 311 2194 ⁹)
337 2149 404 2183 Csr.
430 2150 481 2182 ed.
509 2150 635 2194 Piedcp,
663 2163 734 2194 pag.
761 2149 835 2183 153.
860 2158 931 2183 not.
958 2149 1008 2183 13.

259 2206 310 2248 ¹⁰)
335 2205 397 2238 Ed.
428 2206 474 2238 M.
507 2207 532 2238 l.
566 2215 739 2249 corrupte:
775 2206 1018 2246 „retardemem
1058 2225 1100 2229 —
1134 2203 1208 2236 vide
1243 2216 1301 2248 ap-

186 2252 344 2296 pellare.“
