1404 2463
423 119 469 142 DE
494 109 690 143 ancwus
714 110 788 142 Lm.
816 110 870 142 lv.
1154 108 1220 142 479

87 198 333 243 spiritualium,
369 199 414 232 ita
440 198 538 231 etiam
562 207 714 231 naturam
740 210 940 243 corpoream
965 199 1108 238 faceret,
1133 210 1218 243 quae

84 259 336 303 permutatione
376 260 574 305 qualitatum
605 259 639 291 in
678 260 810 300 omnia,
847 272 932 304 quae
968 272 1021 292 res
1051 267 1218 303 posceret,

83 320 272 353 conditoris
302 321 442 355 arbitrio
479 329 678 354 mutaretur.
727 320 886 365 ρωποι)
918 319 1047 353 tamdiu
1083 331 1217 352 necesse

84 388 134 412 est
156 393 364 425 permanere,
389 381 549 427 quamdiu
573 390 772 425 permanent
796 394 847 421 ea,
870 393 954 426 quae
978 380 1129 423 indigent
1147 379 1216 426 ejus

84 440 184 486 (194)
210 441 429 484 indumento;
458 455 594 486 semper
622 450 734 474 autem
760 451 857 475 erunt
879 441 1096 475 rationabiles
1119 451 1216 474 natu-

80 514 148 542 rae,
172 516 262 547 quae
286 503 439 546 indigent
462 504 661 536 indumento
687 516 873 548 corporeo:
898 516 1033 548 semper
1057 516 1135 545 ergo
1154 502 1218 535 erit

79 572 199 597 natura
231 577 414 609 corporea,
447 564 540 610 cujus
570 564 777 598 indumentis
808 565 857 597 uti
879 578 1015 597 necesse
1041 574 1090 597 est
1112 564 1216 597 ratio-

80 625 208 659 nabiles
240 636 425 667 creaturas;
443 626 525 658 -nisi
538 626 571 671 ²)
603 627 676 671 quis
709 635 805 670 putet
835 627 981 670 posse3)
1006 639 1040 658 se
1063 626 1142 657 ullis
1166 638 1216 658 as-

80 685 284 719 sertionibus
309 687 499 728 ostendere,
525 688 618 731 quod
643 687 750 732 possit
773 695 891 719 natura
913 686 1123 719 rationabilis
1141 687 1215 719 abs-

82 759 147 791 que
176 747 251 780 ullo
283 760 428 792 corpore
460 747 564 780 vitam
596 748 727 790 degere.
777 749 846 782 Sed
871 761 970 792 quam
996 748 1137 780 difficile
1161 748 1215 788 sit,

80 816 114 840 et
138 820 236 852 quam
259 822 345 853 pene
370 809 580 853 impossibile
604 809 796 843 intellectui
819 819 949 850 nostro,
973 809 1007 842 in
1030 810 1215 855 superiori·

79 869 142 901 bus
164 869 292 912 singula
318 870 516 903 disserentes
542 870 760 904 ostendimus.

175 1048 210 1126 ¹2)
233 1047 303 1083 Cfr.
336 1048 388 1082 ed
412 1049 543 1092 Redep.
574 1060 651 1093 pag.
676 1048 753 1085 380.
786 1058 856 1082 not.
883 1049 912 1083 7.
938 1049 1018 1083 coll.
1041 1062 1118 1094 pag.
1142 1050 1210 1096 huj.

79 1100 150 1123 not.

173 1147 206 1191 2)
233 1147 351 1180 Versio
376 1147 587 1201 Hieronymi,
612 1149 671 1182 cfr.
700 1161 753 1193 ep.
778 1149 819 1180 ad
838 1148 926 1182 Avit.
951 1162 1023 1193 pag.
1043 1149 1131 1189 768,
1155 1149 1213 1182 ha-

77 1191 137 1223 bet
166 1191 306 1225 haecce:
345 1193 402 1233 „Si
435 1193 508 1237 quis
539 1202 650 1225 autem
675 1193 828 1238 potuerit
852 1194 1061 1226 ostendere
1052 1207 1214 1238 incorpo-

76 1236 182 1269 ralem
213 1237 518 1289 rationabilemque
556 1247 729 1278 naturam,
768 1251 872 1290 quum
909 1239 1148 1291 exspoliaverit
1176 1252 1212 1272 se

78 1294 241 1325 corpore,
266 1296 378 1315 vivere
403 1296 465 1327 per
487 1293 594 1315 semet
616 1283 741 1327 ipsam,
767 1292 800 1316 et
823 1283 855 1315 in
881 1284 992 1328 peloii
1016 1283 1212 1317 conditione

79 1338 166 1366 esse,
191 1328 326 1371 quando
352 1328 552 1371 corporibus
577 1328 733 1369 vestim-3
757 1328 790 1360 in
815 1328 968 1368 melimi,
993 1330 1128 1380 quando
1153 1329 1212 1361 illa

78 1372 236 1415 deponit:
262 1372 348 1404 nulli
373 1373 514 1404 dubium
541 1382 589 1405 est
613 1385 756 1417 corpora
780 1386 852 1405 non
876 1373 1110 1425 principaliter
1132 1375 1213 1406 sub-

76 1416 211 1456 sistere,
241 1418 300 1449 sed
324 1430 386 1461 per
410 1417 602 1456 intervalla,
633 1426 666 1449 et
691 1419 735 1449 ob
760 1418 869 1450 varios
893 1427 1005 1450 motus
1029 1418 1212 1451 rationabi-

78 1461 162 1493 lium
189 1471 414 1494 creaturarum
439 1475 528 1494 nunc
553 1461 638 1502 fieri,
667 1471 703 1494 ut
729 1462 785 1506 qui
810 1463 859 1494 his
883 1461 1043 1504 indigent,
1068 1463 1211 1497 vestian-

76 1515 148 1545 tur;
188 1515 221 1539 et
256 1519 388 1539 rursum
409 1520 524 1558 quum
554 1506 614 1538 illa
638 1507 885 1559 depravatione
917 1507 1072 1552 lapsuum
1102 1521 1137 1541 se
1168 1509 1211 1541 ad

76 1550 220 1583 meliora
252 1551 477 1591 correxerint,
509 1550 648 1584 dissolvi
680 1565 714 1584 m
737 1551 900 1584 nihilum:
935 1562 968 1585 et
993 1553 1053 1585 hac
1062 1565 1211 1605 semper

76 1595 286 1628 successione
317 1596 469 1630 variari.“
518 1596 608 1638 (Cfr.
628 1597 685 1629 ed.
711 1597 836 1636 Rmnei,
865 1597 924 1630 ubi
955 1597 1070 1630 haec
1060 1611 1094 1630 in
1120 1598 1209 1631 notis

78 1641 131 1683 leg
133 1649 253 1673 untur:
292 1641 388 1680 „Hoc
419 1641 501 1674 item
526 1641 748 1682 fragmentum
775 1622 908 1674 exliibet
932 1642 1060 1675 ibidem
1087 1643 1210 1676 Hiero-

75 1698 196 1731 nymus
227 1697 244 1717 e
275 1685 334 1718 lib.
357 1686 413 1718 lV.
444 1686 529 1732 περὶ
557 1685 701 1731 ἀρχῶν,
741 1699 759 1718 a
790 1687 915 1719 Rufino
944 1696 1056 1720 autem
1088 1696 1209 1731 utpote

76 1743 256 1762 erroneum
295 1730 542 1763 dissimulatum
580 1740 638 1763 est.
688 1730 773 1763 Vide
809 1731 868 1764 lib.
897 1732 936 1764 ll.
974 1731 1209 1773 Origenianor.

76 1785 202 1820 quaest.
225 1775 284 1808 Xl.
309 1788 400 1809 num.
425 1775 456 1809 9.
462 1776 498 1818 “)
523 1795 566 1800 --
597 1776 673 1808 Huc.
697 1776 838 1808 fortasse
862 1777 988 1809 referre
1012 1777 1120 1821 possis
1143 1777 1210 1810 fra-

75 1829 249 1862 gmentum
273 1833 447 1862 graecum,
484 1821 518 1853 in
544 1821 595 1853 ed.
622 1821 728 1853 Ruaei
751 1821 875 1853 fiustia
900 1822 1144 1863 desideratum,
1173 1821 1208 1854 in

75 1865 127 1897 ed.
152 1865 282 1910 Redep.
315 1878 388 1909 pag.
413 1865 469 1900 81.
500 1866 578 1897 loco
608 1866 756 1909 septimo
785 1866 952 1910 positum,
990 1868 1209 1910 depromtum

73 1909 164 1942 idem
202 1922 239 1942 ex
271 1922 320 1953 ep.
348 1909 527 1942 Justiniani
557 1911 599 1943 ad
630 1911 791 1945 Mennam
823 1911 1005 1945 Patriarch.
1032 1912 1207 1946 Constant.

73 1954 203 2009 (Mansi
233 1954 379 2009 ampliss.
413 1955 547 1988 collect.
581 1955 765 1990 Concilior.
800 1955 900 1989 Tom.
927 1957 1003 2000 IX.)
1028 1969 1100 2002 pag.
1122 1956 1206 1991 532.

72 1997 228 2053 Ανᾶγκη
251 2001 302 2055 μὴ
327 2004 612 2053 προηγουμένην
636 2000 831 2055 ’τυγχάνειν
855 2000 920 2045 τὴν
937 2005 1008 2035 τῶν
1025 2001 1207 2036 σωαάτων

75 2043 225 2097 φύσιν,
249 2043 339 2081 ἀλλὰ
379 2046 418 2078 ἐκ
460 2045 734 2089 διαλειμμάτων
774 2045 1000 2100 ὑφίστασθαι
1029 2047 1094 2081 διά
1124 2060 1206 2082 ‚um

73 2102 325 2132 συμπτωμαια
350 2089 529 2134 γινόμενα
554 2094 638 2125 πεοὶ
663 2090 705 2124 τὰ
730 2091 872 2136 λομκα,
899 2090 1056 2136 δεόμενα
1074 2091 1205 2135 σωμά-

70 2145 160 2169 των·
201 2137 261 2168 καὶ
292 2132 406 2168 πάλιν
435 2137 495 2177 τῆς
526 2121 813 2180 ἐπανορθώσεως
847 2139 988 2176 τελειως
1010 2140 1206 2194 γινομένης

72 2181 121 2217 εἰς
143 2177 184 2214 τὸ
207 2178 260 2222 μὴ
282 2177 372 2214 εἶναι
399 2179 625 2217 ιξναλύεσααι
652 2184 779 2224 ταῦτα,
816 2180 904 2218 ὥστε
929 2184 1034 2216 τοῦτο
1061 2182 1117 2218 ἀεὶ
1141 2186 1202 2227 γί-

71 2230 210 2260 noem.

160 2286 193 2329 3)
219 2286 304 2319 Edd.
332 2286 378 2319 M.
406 2299 526 2330 „posse
553 2288 605 2320 vel
629 2287 886 2330 assertionibus“
913 2297 975 2320 etc.
