1404 2463
437 135 481 158 ni:
510 126 702 159 Pumcn‘us
729 126 838 157 LIBER
866 125 889 157 l.
1188 124 1231 159 83

97 214 234 258 ditur¹)
271 217 475 248 creaturam:
516 214 706 258 Spiritus2)
746 214 849 246 sancti
887 226 965 245 vero
1003 214 1231 258 participatio-

96 288 172 307 nem
198 288 214 308 a
251 277 371 310 sanctis
407 276 643 309 tantummodo
683 275 796 306 haberi
839 274 1037 309 invenimus.
1084 275 1230 319 Propter

97 338 189 381 quod
222 338 359 371 dicitur:
394 340 522 380 „Nemo
536 339 570 382 3)
603 345 717 381 potest
749 337 860 369 dicere
893 335 1080 368 Dominum
1113 337 1229 369 Jesum

96 398 158 431 nisi
185 399 216 431 in
245 400 374 444 Spiritu
398 402 546 432 sancto.“
594 399 639 431 Et
663 397 714 430 vix
740 398 921 442 aliquando
948 397 1012 441 ipsi
1036 398 1227 442 apostoli4)

96 460 187 502 digni
220 462 382 493 habentur
412 460 545 493 audire:
588 459 837 504 „Accipietis⁵)
875 459 1033 491 virtutem
1070 472 1229 503 superve-

95 522 215 554 nientis
241 522 385 566 Spiritus
409 522 512 555 sancti
539 522 572 554 in
607 525 697 554 vos.“
747 521 892 565 Propter
923 521 1013 565 quod
1048 530 1079 553 et
1114 533 1229 553 conse-

96 596 199 627 quens
222 592 325 627 puto,
352 584 428 628 quia
453 584 508 628 qui
533 582 724 628 peccaverit
748 583 884 626 quidem
911 582 942 614 in
969 582 1095 614 Filium
1120 583 1229 614 homi-

94 645 155 685 nis,
180 645 274 677 venia
300 645 416 687 dignus
441 655 506 686 est3
530 658 592 689 pro
611 657 651 676 eo
671 645 761 688 quod
780 644 817 683 is,
843 643 899 687 qui
917 643 1006 675 verbi
1023 643 1100 683 Dei,
1126 644 1225 688 velss)

94 706 231 738 rationis
257 715 304 738 est
327 706 511 750 particeps,
536 706 560 738 si
595 705 723 738 desinat
754 705 997 737 rationabiliter
1022 705 1150 745 vivere,
1175 705 1226 737 vi-

95 769 192 800 detur
225 767 259 800 in
283 768 503 809 ignorantiam
536 768 633 811 vel⁷)
664 766 840 799 stultitiam
872 767 1053 807 decidisse,
1090 776 1122 799 et
1145 780 1226 811 pro-

94 839 168 874 pter
192 830 256 862 hoc
281 830 409 861 veniam
435 829 640 874 promereri:
672 829 729 873 qui
763 838 875 860 autem
902 829 1020 871 dignus
1045 828 1110 874 jam
1134 829 1226 861 habi-

95 901 146 923 tus
172 900 221 924 est
243 891 348 924 sancti
372 891 517 936 Spiritus
541 891 819 935 participatione,
848 900 880 922 et
904 900 993 923 retro
1019 891 1122 923 fuerit
1147 904 1227 923 con-

96 966 218 993 versus,
242 953 296 986 hic
321 967 356 985 re
380 953 450 997 ipsa
476 963 509 985 et
541 966 644 996 opere
669 953 914 997 blasphemasse
946 952 1068 984 dicitur
1091 952 1123 984 in
1149 953 1227 997 Spi-

95 1015 195 1047 ritum
209 1024 371 1047 sanctum.
409 1016 506 1059 Ncfl)
532 1015 605 1059 quis
622 1027 699 1047 sane
717 1014 883 1046 existimet
906 1027 977 1052 n05‚
1004 1027 1040 1045 ex
1067 1026 1106 1045 eo
1134 1015 1225 1058 quod

96 1076 239 1109 diximus
271 1076 434 1121 Spiritum
466 1086 615 1108 sanctum
651 1076 731 1108 solis
763 1075 880 1107 sanctis
912 1076 1087 1119 praestari,
1120 1075 1226 1108 Patris

97 1150 175 1170 vero
209 1147 241 1169 ct
271 1137 355 1169 Filii
386 1137 566 1176 beneficia,
602 1138 655 1169 vel
685 1137 946 1182 inoperationcs,
986 1137 1161 1181 pervenire
1185 1138 1226 1170 ad

97 1201 207 1231 bonos
233 1208 265 1231 et
289 1199 408 1238 malos,
432 1198 537 1243 justos
562 1208 594 1232 et
618 1199 774 1244 injustos,v
793 1199 988 1243 praetulisse
1002 1211 1062 1242 per
1080 1200 1143 1231 hoc
1164 1200 1225 1232 Pa-

97 1261 139 1292 tri
167 1270 198 1292 et
222 1260 313 1293 Filio
337 1260 501 1304 Spiritum
526 1269 696 1300 sanctum,
722 1261 773 1293 vel
798 1261 960 1304 majorem
986 1259 1054 1304 ejus
1078 1273 1139 1305 per
1162 1261 1227 1292 hoc

98 1334 242 1354 asserere
267 1322 483 1364 dignitatem:
521 1323 612 1366 quod
638 1322 755 1366 utique
780 1322 875 1353 valde
900 1321 1143 1366 inconsequens
1168 1332 1226 1356 est.

98 1384 344 1428 proprietatem
369 1395 512 1427 namque
536 1384 657 1424 gratiae
683 1383 753 1428 ejus
778 1382 957 1428 operisque
981 1383 1225 1427 descripsimus.

96 1445 205 1477 Porro
237 1454 348 1478 autem
380 1444 463 1477 nihil
496 1444 530 1476 in
555 1444 717 1477 Trinitate
742 1444 848 1489 majus
871 1444 1021 1477 minusve
1046 1444 1226 1478 dicendum

99 1516 162 1546 est,
194 1520 295 1552 quum
320 1507 418 1539 unius
445 1506 625 1538 divinitatis
652 1507 726 1538 fons
753 1507 855 1538 verbo
881 1519 919 1538 ac
943 1505 1072 1538 ratione
1097 1520 1154 1539 sua
1178 1517 1226 1540 te-

98 1578 173 1600 neat
197 1569 358 1608 universa,
383 1568 511 1612 Spiritu
538 1581 616 1600 vero
642 1567 709 1601 oris
734 1567 800 1607 sui,
823 1580 906 1612 quae
931 1568 1028 1609 digua
1054 1578 1130 1601 sunt
1153 1583 1226 1602 san-

99 1629 320 1670 ctificatione,
359 1630 560 1670 sanctificet,
600 1630 685 1662 sicut
727 1630 759 1662 in
794 1629 928 1662 Psalmo
967 1629 1129 1674 scriptum
1162 1641 1226 1664 cst:

197 1781 227 1823 ¹)
253 1781 302 1813 Ita
327 1782 405 1814 Mss.
432 1781 522 1814 Alias
549 1782 595 1825 (v.
615 1795 641 1813 c.
663 1782 694 1814 in
716 1782 792 1814 edd.
811 1780 879 1823 Μ.)
906 1781 1167 1825 „pertenditur.“
1187 1782 1226 1815 R.

193 1836 225 1878 ²)
250 1836 385 1868 Exstant
412 1839 527 1877 verba3
554 1835 721 1881 „Spiritus
746 1837 848 1868 sancti
874 1858 927 1876 ——‚
951 1837 1004 1868 hic
1029 1850 1064 1868 re
1089 1837 1160 1881 ipsa
1187 1858 1227 1864 —-

101 1881 222 1914 dicitur
247 1881 279 1913 iu
304 1882 466 1925 Spiritum
500 1887 693 1922 sanctun»,“
720 1883 751 1914 in
781 1882 923 1926 Apolog.
950 1883 1128 1926 Pamphili.
1156 1883 1225 1916 Csr.

104 1927 195 1967 Orig.
222 1926 312 1970 Opp.
339 1928 390 1959 cd.
417 1928 518 1959 Ruaci
545 1928 643 1961 Tou».
673 1929 725 1959 IV.
753 1928 941 1972 Appendic.
967 1940 1041 1972 pag.
1067 1927 1120 1962 28.
1147 1929 1224 1961 coll.

102 1974 153 2005 cd.
179 1980 282 2003 nostr.
309 1971 407 2004 Tom.
432 1973 556 2005 xxiv,
582 1987 654 2016 pag,
680 1973 755 2007 344.
1230 1970 1234 1974 ’

191 2028 226 2070 3)
252 2027 264 2059 Ι
292 2027 369 2061 Cor.
395 2028 473 2066 ΧΙΙ,
499 2030 530 2062 3.

195 2082 228 2126 ⁴)
252 2083 308 2116 Sic
327 2084 405 2115 Mss.
431 2083 519 2115 Alias
545 2086 590 2126 (v.
606 2099 631 2117 (·.
650 2084 682 2117 in
699 2085 773 2116 vad.
791 2085 855 2128 M.)
880 2085 984 2118 male:
1012 2086 1171 2128 „angeli.“
1187 2088 1228 2120 Ρι.

197 2140 229 2182 ⁵)
256 2142 330 2171 Act.
348 2139 372 2178 l,
391 2142 422 2173 δ’.
452 2160 489 2164 --
515 2140 576 2172 Ed.
603 2141 650 2173 Μ.
671 2141 692 2172 Ι.
712 2153 902 2184 perperam:
930 2141 1149 2186 „Accipiens“
1165 2152 1227 2174 cte.

195 2197 228 2237 ὁ)
252 2195 356 2227 Deest
383 2196 478 2236 ‚,vc[“
507 2196 539 2228 in
566 2197 641 2229 edd.
667 2196 716 2228 Μ.

197 2252 230 2294 ⁷)
257 2251 342 2284 Edd.
370 2252 415 2284 M.
444 2257 529 2293 „et.“

196 2310 229 2351 θ)
254 2307 339 2340 Edd.
366 2308 412 2340 M.
441 2309 548 2348 „Sane
573 2322 612 2341 ne
639 2308 711 2352 quis
740 2307 904 2343 existimet
928 2322 988 2342 nos
1014 2324 1050 2342 ex
1077 2313 1138 2343 e04‘
1167 2318 1227 2342 etc.

904 2370 953 2404 ss*
