1404 2463
430 139 474 161 m:
503 128 700 161 Pamcmns
726 129 800 161 Lm.
830 130 887 164 IV.
1161 131 1227 167 483

89 218 180 258 tiam,
207 230 269 263 pcr
294 218 466 262 justitiam,
491 231 552 262 per
576 218 859 261 moderationem,
885 233 947 264 per
970 221 1138 263 virtutem,
1164 235 1225 267 per

88 279 304 324 sapientiam,
335 292 398 324 per
428 279 661 323 disciplinam,
696 293 758 323 per
788 294 923 314 omnem
949 282 1095 327 denique
1121 284 1225 317 virtu-

88 350 160 373 tum
187 341 339 380 eliorum,
365 353 450 385 quae
477 354 551 373 cum
578 341 654 372 Deo
682 340 782 374 insint
807 356 868 386 pcr
884 344 1113 387 substantiam,
1140 344 1174 378 in
1191 347 1222 388 ¹)

88 402 225 434 homine
257 412 398 446 possunt
424 416 494 436 esse
519 415 581 446 per
605 401 822 443 industriam,
855 414 885 436 ct
910 418 972 449 per
996 405 1223 439 imitationem

89 463 172 503 Dei,
210 463 296 496 sicut
328 473 360 496 et
390 463 561 496 Dominus
595 463 746 506 designat
781 465 813 498 in
848 466 1052 508 Evangelio,
1090 467 1222 500 dicens:

89 525 228 566 „Estote
242 526 274 568 ²)
307 537 385 566 crgo
411 524 664 564 misericordes,
701 525 786 558 sicut
812 536 845 559 ct
869 527 969 560 Pater
994 537 1103 561 vester
1126 529 1225 562 inise-

86 586 192 618 ricors
219 595 308 628 cst;«
350 596 399 619 et:
434 587 572 627 „Estote
586 586 619 630 ³)
646 587 799 630 perfecti,
824 587 910 620 sicut
935 599 967 621 ct
991 590 1092 623 Pater
1116 601 1225 624 vester

86 649 255 692 perfectus
281 651 360 683 est.“
410 645 508 680 Unde
534 647 707 680 evidenter
732 649 939 689 ostenditur,
971 652 1063 696 quod
1089 651 1120 684 in
1146 654 1223 685 Deo

88 709 224 754 quidem
250 710 311 742 liae
338 708 455 741 omnes
482 709 620 742 virtutes
646 723 780 755 semper
805 720 890 750 sunt,
916 725 978 744 nec
1003 727 1150 758 unquam
1171 728 1224 747 ac-

86 772 207 804 cedere
231 780 390 816 possunt,
422 780 479 803 aut
503 771 682 811 recedere,
719 773 759 803 ab
785 772 977 805 bominibus
1004 788 1083 807 vero
1109 776 1224 819 paula-

88 832 148 864 tim
174 841 206 864 et
230 831 379 874 singulae
406 845 559 876 quaeque
587 833 842 877 conquiruntur.
881 834 978 878 (195)
999 836 1096 868 Unde
1121 838 1221 871 etiam

88 893 409 936 consanguinitatem
443 893 609 936 quandam
642 906 703 937 per
734 894 814 926 baec
846 894 968 927 babere
1001 895 1157 930 videntur
1181 899 1223 930 ad

87 955 218 996 Dcum;
244 964 277 986 et
303 968 378 986 cum
405 955 499 986 Deus
525 954 637 986 omnia
663 955 814 995 noverit,
841 965 873 987 et
898 956 980 988 nihil
1007 969 1082 988 eum
1108 971 1222 990 rerum

86 1015 367 1048 intellectualium
404 1029 441 1048 ex
474 1029 507 1048 sc
541 1017 658 1048 lateat:
686 1035 726 1040 --
753 1016 844 1048 solus
877 1016 965 1049 enim
991 1018 1084 1050 Deus
1112 1020 1223 1061 Pater,

87 1079 165 1122 et4)
190 1077 379 1119 unigenitus
405 1077 514 1109 Filius
540 1077 621 1122 ejus,
647 1087 678 1109 et
696 1077 841 1121 Spiritus
862 1087 993 1110 sanctus
1018 1092 1086 1111 non
1110 1081 1222 1113 solum

86 1152 217 1181 eorum,
244 1151 328 1183 quae
355 1139 487 1178 creavit,
513 1152 627 1171 verum
654 1139 753 1171 etiam
779 1139 830 1171 sui
854 1140 1027 1173 scientiam
1051 1150 1143 1173 tenet
1162 1153 1221 1183 —3

87 1210 200 1245 potest
234 1210 345 1232 tamen
379 1210 411 1232 ct
444 1200 653 1232 rationabilis
679 1202 773 1233 mens
797 1201 980 1244 proficiens
1005 1215 1022 1234 a
1047 1203 1156 1246 parvis
1181 1204 1222 1235 ad

87 1262 226 1307 majora,
251 1272 283 1294 et
308 1274 324 1294 a
352 1261 537 1293 visibilibus
563 1261 603 1292 ad
630 1261 825 1302 invisibilia,
857 1262 1034 1306 pervenire
1059 1265 1099 1296 ad
1124 1264 1224 1296 intel-

87 1326 213 1357 lectum
240 1323 491 1367 perfectiorem.
539 1323 598 1355 Est
620 1323 708 1355 enim
735 1323 766 1355 in
793 1336 937 1368 corpore
962 1324 1090 1368 posita,
1127 1334 1159 1357 et
1185 1339 1222 1357 ex

86 1386 167 1430 ipsis
199 1384 432 1423 sensibilibus,
473 1397 556 1428 quae
588 1394 665 1416 sunt
696 1397 878 1428 corporea,
909 1385 949 1417 ad
982 1385 1223 1418 intellectualia

87 1447 234 1492 proficit.
273 1448 397 1478 Verum
426 1459 467 1477 nc
493 1445 547 1478 cui
573 1445 725 1478 videatur
751 1445 990 1488 indecentcr⁵)
1018 1446 1147 1478 dictum
1174 1447 1223 1479 in-

87 1507 257 1542 sensibilia
269 1508 302 1552 6)
330 1520 410 1546 esse,
436 1519 520 1551 quae
541 1506 781 1539 intellectualia
798 1515 884 1547 sunt,
909 1507 1089 1551 utcmur7)
1113 1521 1225 1540 exem-

87 1571 147 1614 plo
178 1569 360 1602 sententiae
395 1567 604 1609 Salomonis,
643 1567 801 1600 dicentis:
844 1568 1006 1600 »Sensum
1020 1567 1053 1611 8)
1086 1581 1224 1613 quoque

88 1631 238 1664 divinum
265 1629 445 1663 invenies.“
497 1630 532 1662 ln
558 1642 625 1673 quo
652 1628 799 1661 ostendit
827 1642 895 1661 non
921 1629 1092 1673 corporali
1114 1643 1224 1671 sensu,

89 1694 147 1725 sed
173 1692 242 1724 alio
268 1692 426 1736 quodam,
454 1703 552 1734 quem
581 1689 731 1721 divinum
758 1689 920 1729 nominat,
953 1703 988 1722 ea
1015 1703 1099 1734 quac
1125 1690 1225 1724 intel-

90 1754 245 1787 lectualia
271 1762 356 1792 sunt,
383 1752 593 1796 requirenda.

185 1917 216 1958 ¹)
245 1916 314 1947 Csr.
343 1915 395 1946 ed.
422 1914 549 1956 liedep,
576 1926 648 1957 pag.
674 1914 749 1948 382.
775 1924 844 1947 not.
871 1914 924 1948 28,

185 1973 219 2014 ’-’)
248 1972 327 2002 Luc.
355 1972 380 2007 l,
405 1969 457 2002 36.
598 1969 631 2012 3>
658 1969 777 2001 Mauh.
805 1970 846 2008 V,
872 1969 924 2003 48.

185 2027 218 2069 ⁴)
241 2026 297 2059 Sic
323 2027 401 2058 Mss.
430 2025 465 2055 ln
501 2025 598 2056 editis
625 2026 670 2067 (v.
697 2038 723 2056 c.
751 2025 827 2057 cdd.
855 2025 920 2067 M.)
958 2025 1077 2056 desunt
1108 2025 1224 2056 verba:

94 2082 304 2123 ⁴,unigenitus
331 2080 432 2125 ejus.“
460 2080 500 2111 R.

186 2139 219 2181 ⁵)
245 2136 418 2170 Omittunt
442 2135 524 2167 editi
550 2136 595 2179 (v.
623 2150 650 2169 c.
669 2136 743 2167 edd.
763 2136 840 2179 M),
865 2137 924 2168 sed
948 2136 1128 2168 restituunt
1146 2136 1225 2168 Mss.

95 2194 342 2235 „indecenter.“
370 2192 411 2224 R.
487 2192 519 2234 6)
547 2192 615 2224 Csr.
643 2192 694 2223 ‹d.
723 2192 850 2236 [ledep.
877 2205 948 2236 pag.
975 2191 1050 2226 383.
1077 2201 1147 2224 not.
1176 2191 1225 2225 18.

184 2249 217 2292 7)
245 2248 333 2280 Sic
327 2248 406 2280 Mss.
431 2246 526 2279 Editi
535 2250 600 2334 50*
627 2261 652 2278 c.
681 2247 753 2278 odd.
782 2247 846 2290 Μ)
874 2257 1015 2288 „utattuz
1023 2250 1038 2266 ‘⁶
1066 2248 1104 2280 R.

184 2305 216 2346 ἣ)
244 2303 313 2335 Cfl.
339 2303 441 2334 l)1'⁷.()X
470 2303 511 2340 ΙΙ,

886 2370 925 2402 :³1
948 2377 959 2389 ι
