1404 2463
369 91 414 114 DE
440 80 634 114 Pmucnms
659 81 770 113 Lmen
796 80 836 112 ΙΙ.
1099 79 1164 113 227

10 193 15 202 .
45 183 108 217 que
140 171 246 204 curari
276 180 414 215 possunt
444 169 600 202 remediis
630 169 837 212 hortatur,¹)
875 177 906 201 nt
936 178 1099 212 provocat
1123 170 1163 201 ad

10 259 11 262 ,
45 233 196 266 salutern.
238 229 244 239 ¹

131 293 161 328 8.
210 292 306 326 Sicut
337 305 413 334 ergo
447 291 586 324 dubium
617 304 685 324 non
720 300 766 323 est
798 291 831 323 in
855 290 909 323 ‹lie
932 290 1048 336 judicii
1073 292 1161 323 futu-

10 390 17 399 ,.
45 366 140 395 rum.
169 354 261 399 quod
291 363 484 397 separentur
515 352 596 385 boni
620 366 637 385 a
661 351 772 391 malis,
803 361 835 384 et
859 351 935 398 justi
959 353 1000 384 ab
1023 351 1163 397 injustis,

8 446 11 459 γ,
46 425 79 448 et
109 415 229 458 singuli
264 415 386 459 quique
416 427 479 459 pro
506 414 626 446 merito
651 426 713 457 per
736 426 772 446 ea
798 415 889 454 loca,
928 413 1047 459 quibus
1072 414 1163 456 digni

10 470 12 486 ³
43 487 128 517 sunt,
153 477 391 509 distribuantur
413 475 538 521 judicio
555 475 633 515 Dei,
658 475 742 508 sicut
766 475 841 506 Deo
866 476 1001 508 volente
1026 476 1060 509 in
1086 489 1164 509 con—

10 550 11 553 ’
44 539 258 584 sequentibus
283 539 505 578 ostendemus,
530 537 595 568 tale
620 535 747 580 aliquid
772 536 895 580 opinor
918 537 1018 570 etiam
1042 547 1117 570 ante
1129 539 1162 583 2)

10 599 11 604 ’
43 599 110 646 jam
135 601 268 632 factum.
305 599 428 633 Omnia
452 598 540 631 enim
553 598 586 642 ³)
602 598 694 631 Deus
720 606 752 629 et
776 610 908 643 semper
923 598 1049 643 judicio
1067 612 1162 641 agere

44 675 82 694 ac
108 661 297 712 dispensare
322 661 506 693 credendus
531 668 588 693 est.
635 659 723 691 lllud
748 672 893 704 quoque,
919 661 1009 705 quod
1026 670 1163 705 aposto-

15 706 17 763 }
43 723 96 755 lus
120 723 237 762 docet,
261 721 392 754 dicens:
430 716 488 763 „In
502 721 535 764 ⁴)
561 721 664 753 domo
689 733 806 763 magna
828 734 896 754 non
921 731 996 755 sunt
1018 732 1164 756 tantum-

15 769 17 832 }
40 785 145 817 modo
170 796 244 816 vasa
267 795 363 815 aurea
389 791 421 815 et
445 791 615 824 argentea,
646 783 703 815 sed
730 791 762 814 et
785 783 894 824 lignea
918 792 950 815 et
973 783 1106 824 fictilia,
1131 793 1164 817 et

40 845 104 878 alia
136 844 271 890 quidem
303 845 344 878 ad
378 845 561 885 honorem,
592 843 655 876 alia
680 853 789 876 autem
814 845 855 876 ad
880 846 1164 887 contumeliam3»

15 912 17 922 ¹
41 916 74 940 et
104 907 196 952 quod
226 907 334 947 addit,
365 906 497 939 dicens:
533 905 644 949 „Quia
658 906 690 950 ⁵)
715 906 742 938 si
767 906 838 950 quis
862 919 896 938 se
924 908 1163 951 expurgaverit,

15 958 103 1002 erit
134 981 189 1001 vas
220 967 300 1010 ἰοῦ)
333 968 498 1000 honorem
530 967 790 1008 sanctificatum,
830 967 980 1000 Domino
1014 968 1097 1001 utile
1121 970 1163 1002 ad

41 1042 140 1062 omne
173 1043 257 1074 opus
287 1031 463 1062 bonum:«
502 1029 571 1061 sine
603 1028 707 1061 dubio
730 1029 818 1061 illud
843 1028 1006 1069 ostendit,
1043 1028 1162 1074 quia7)

42 1091 99 1136 qui
122 1104 156 1124 se
182 1090 411 1136 expurgaverit
430 1090 465 1122 in
489 1090 549 1123 hac
572 1090 639 1123 vita
663 1090 809 1135 positus,
844 1090 887 1123 ad
912 1103 1011 1123 omne
1034 1092 1162 1124 bonum

15 1154 17 1190 ζ
44 1166 129 1197 opus
155 1152 216 1185 erit
240 1161 371 1197 paratus
396 1151 430 1184 in
450 1152 582 1193 futur03
606 1151 661 1196 qui
685 1161 795 1184 autem
818 1163 888 1183 non
911 1164 946 1184 se
963 1151 1164 1196 purgaverit,

41 1215 226 1246 secundum
250 1214 470 1258 quantitatem
494 1213 728 1246 immunditiae
752 1212 829 1246 suae
854 1212 919 1245 erit
941 1225 995 1245 vas
1019 1214 1061 1246 ad
1086 1227 1165 1246 con—

41 1275 227 1317 tumeliam,
252 1276 288 1308 id
313 1284 372 1315 est,
401 1275 585 1318 indignum.
633 1277 682 1308 lta
707 1288 784 1318 ergo
807 1275 968 1320 possibile
994 1284 1043 1307 est
1066 1274 1166 1307 intel-

40 1336 99 1379 ligi
131 1337 229 1370 etiam
260 1346 355 1370 antea
379 1336 479 1370 fuisse
513 1350 587 1370 vasa
620 1336 851 1376 rationabilia,
885 1336 985 1380 vel⁸)
1017 1345 1165 1380 purgata,

45 1399 98 1430 vel
122 1398 231 1431 minus
255 1407 409 1443 purgata,
438 1398 473 1431 id
499 1407 563 1440 est,
599 1411 683 1443 quae
713 1411 747 1431 se
771 1397 843 1442 ipsa
867 1397 921 1429 vel
944 1398 1167 1442 purgaverint,

41 1461 95 1492 vel
121 1473 188 1493 non
212 1460 443 1505 purgaverint3
475 1469 508 1493 et
532 1473 569 1493 ex
593 1460 659 1493 hoc
683 1459 948 1504 unumquodque
973 1472 1025 1492 vas
1049 1472 1166 1493 secun—

14 1563 16 1566 ·
45 1522 125 1554 dum
156 1534 343 1554 mensuram
356 1522 388 1566 9)
413 1522 583 1566 puritatis,
620 1531 675 1554 aut
706 1520 908 1565 impuritatis
938 1532 1015 1553 suae
1041 1521 1166 1560 locum,

141 1678 172 1722 ¹)
195 1678 287 1711 Libri
313 1678 394 1710 editi
419 1678 462 1723 (v.
488 1691 514 1710 c.
540 1678 616 1712 edd.
641 1677 707 1722 Μ.)
735 1677 917 1719 „hortatur,
941 1676 1018 1728 quia
1041 1690 1166 1721 provo-

43 1730 114 1754 cat«
142 1731 202 1756 etc.
227 1722 308 1756 Mss.
333 1732 370 1756 ut
389 1723 423 1755 in
446 1732 561 1756 nostro
586 1731 688 1756 textu.
712 1723 754 1756 R.
772 1742 812 1747 —-
837 1721 924 1756 Vide
950 1721 1008 1755 lib.
1027 1722 1165 1755 110τί-

13 1783 17 1814 3
44 1766 211 1809 genianor.
239 1777 362 1812 quaest.
387 1768 461 1802 VH.
484 1781 575 1801 num.
603 1767 653 1802 16.

135 1824 168 1867 ²)
193 1823 298 1856 Deest
322 1823 356 1856 in
382 1832 477 1856 antea
501 1823 599 1856 editis
623 1825 667 1866 (v.
693 1837 720 1857 c.
746 1823 821 1856 edd.
838 1823 916 1866 M.)‚
940 1823 998 1855 sed
1022 1822 1162 1855 habetur

45 1868 79 1901 in
103 1869 183 1901 Mss.
212 1878 337 1901 »ante«
362 1868 404 1903 R.
530 1869 565 1914 ³)
589 1868 678 1901 Edd.
704 1869 750 1902 M.
778 1869 966 1902 »demumst

133 1925 167 1967 4)
192 1924 221 1955 ΙΙ
247 1924 394 1957 Timoth.
419 1924 461 1965 Π,
485 1924 537 1960 20.
567 1963 569 1965 q
633 1925 666 1968 ⁵)
691 1925 721 1957 II
748 1923 895 1958 Timoth.
921 1924 964 1964 ll,
987 1923 1041 1958 21.

132 1981 167 2023 ⁶)
191 1980 324 2012 Desunt
352 1979 388 2011 in
425 1989 520 2013 antea
547 1979 642 2013 editis
667 1981 714 2024 (v.
740 1993 768 2013 c.
794 1981 868 2013 edd.
894 1978 978 2024 M.),
1010 1979 1089 2012 licet
1112 1992 1161 2012 re—

12 2055 13 2058 ,
39 2024 213 2070 periantur
236 2024 270 2057 in
294 2025 374 2058 Mss.
400 2026 516 2058 verba:
545 2025 600 2067 „in
624 2025 820 2058 honorem.«
845 2026 886 2060 R.

132 2080 166 2124 ⁷)
189 2080 254 2112 Ed.
279 2080 337 2113 M.
355 2080 400 2114 Π.
427 2081 539 2126 »quod
564 2080 672 2113 omnis
698 2080 755 2126 qui
777 2093 831 2114 seu
859 2089 920 2115 ete.

129 2136 165 2180 ⁸)
190 2137 277 2170 Edd.
302 2136 350 2170 M.
379 2145 465 2178 „em

131 2191 165 2234 ⁹)
189 2192 238 2226 Ita
269 2191 351 2225 Mss.
378 2191 467 2225 Alias
498 2192 543 2238 (v.
578 2206 605 2226 c.
631 2192 667 2225 in
692 2191 769 2225 edd.
793 2192 859 2237 M.)
892 2202 1097 2227 »naturam.«
1123 2193 1162 2225 R.

40 2255 82 2261 -—
107 2236 178 2270 Cfr.
203 2238 254 2271 ed.
277 2237 408 2283 Redep.
431 2250 504 2283 pag.
529 2237 606 2275 222
631 2246 702 2272 not.
727 2235 780 2273 36

826 2299 898 2338 15*
