1404 2463
431 90 474 111 m:
501 79 690 111 Psttwcmns
716 79 825 112 Lmen
854 81 894 112 ΙΙ,
1161 80 1222 114 221

106 168 280 200 celsiorem
298 166 327 213 ¹)
354 168 690 213 spectabilioremque
717 170 887 208 concedat,
911 168 1134 213 principatum
1154 169 1226 201 aliis

105 229 290 270 indulgeat,
321 230 394 263 aliis
418 239 616 274 potestates,
641 230 886 263 dominationes
911 243 1045 275 quoque
1070 231 1142 263 aliis
1168 231 1226 263 tri-

106 291 196 329 buat,
219 291 292 324 aliis
318 291 534 336 amplissimas
560 292 654 324 sedes
679 292 876 324 coelestium
900 291 1115 324 tribunalium
1133 306 1227 335 prae-

106 354 225 395 stet‚²)
251 353 401 385 eluceant
433 353 488 385 alii
522 353 729 392 rutilantius,
768 362 799 385 et
831 363 1006 386 coruscent
1029 354 1160 395 fulgore
1185 354 1227 385 si-

106 414 227 454 dereo;
257 414 327 446 aliis
351 414 393 447 sit
416 415 521 456 gloria
545 414 636 454 solis,
667 413 739 446 aliis
764 415 869 456 gloria
895 416 1003 454 lunae,
1028 414 1099 446 aliis
1124 416 1227 456 gloria

104 475 293 516 stellarum3
323 476 417 508 stella
448 489 465 508 a
496 476 591 508 stella
614 475 648 508 in
673 475 778 517 gloria
803 476 955 508 differat:
989 485 1037 515 et,
1068 485 1104 507 ut
1129 476 1227 508 simul

106 549 143 568 ac
178 537 324 569 breviter
353 546 461 569 totum
495 538 621 577 dicam,
655 538 681 570 si
714 537 855 569 creatori
880 538 956 569 Deo
988 550 1049 569 nec
1075 538 1227 570 voluntas

105 597 226 629 summi
264 597 410 642 bonique
449 599 578 643 operis,
621 612 682 632 nec
718 598 914 643 perficiendi
954 599 1093 631 facultas
1125 600 1228 637 deest,

106 659 186 702 quid
212 672 326 691 causae
350 647 503 692 exsistere
521 661 643 705 potuit,
666 669 703 693 ut
723 670 854 692 naturas
870 660 1086 692 rationabiles
1105 673 1228 698 creans,

106 720 140 752 id
172 730 236 759 est,
269 721 388 765 quibus
418 731 456 754 ut
487 731 593 754 essent
624 721 695 766 ipse
729 721 852 754 exstitit
882 735 995 761 causa,
1027 721 1229 764 celsiores3)

107 780 190 814 alios
213 781 354 821 faceret,
385 783 468 815 alios
491 784 658 824 secundo,
691 793 749 816 aut
772 783 891 823 tertio,
923 793 954 815 et
978 782 1092 815 multis
1116 782 1228 827 jam⁴)

106 842 280 876 inferiores
304 845 459 885 gradibus
484 845 735 890 deterioresque
760 844 976 890 procrearet?
998 845 1085 877 Tum
1107 844 1228 876 deinde

106 904 270 950 objiciunt
294 907 392 938 etiam
418 907 458 938 de
484 907 548 946 his,
585 919 668 951 quae
691 906 724 938 in
749 906 845 939 terris
868 915 961 946 sunt,
994 906 1085 950 quod
1108 905 1229 947 aliis⁵)

106 967 261 999 nascendi
292 980 362 999 sors
386 968 522 1000 felicior
547 967 710 1008 evenerit,
741 977 777 1000 ut
801 968 891 1012 quis,
923 967 1016 1000 verbi
1039 968 1160 1009 gratia,
1192 980 1229 999 ex

109 1029 276 1061 Abraham
305 1039 497 1071 generetur,
533 1039 565 1062 et
597 1042 634 1062 ex
658 1029 918 1073 repromissione
942 1038 1109 1069 nascatur,
1147 1029 1230 1061 alius

109 1102 245 1134 quoque
271 1103 308 1122 ex
335 1091 421 1123 lsaac
434 1091 466 1134 6)
492 1101 525 1123 et
550 1092 718 1130 Rebecca,
755 1091 879 1136 quique
909 1091 1015 1123 adhuc
1048 1090 1080 1122 in
1116 1099 1229 1122 ventre

110 1151 240 1194 positus
270 1152 462 1196 supplantat
493 1153 628 1185 fratrem
663 1167 779 1193 suum,
814 1163 848 1185 et
879 1162 1054 1197 antequam
1079 1161 1232 1185 nascatur

110 1212 203 1254 diligi
236 1213 357 1245 dicitur
389 1226 405 1245 a
429 1214 518 1247 Deo.
565 1214 672 1259 Vel⁷)
705 1208 769 1247 hoc
802 1214 912 1259 ipsum
943 1214 1100 1253 omnino,
1139 1214 1230 1258 quod

109 1274 142 1306 in
167 1274 327 1306 Hebraeis
352 1275 423 1319 quis
443 1276 604 1316 nascitur,
629 1277 717 1321 apud
743 1289 826 1320 quos
851 1276 1075 1308 eruditionem
1101 1274 1230 1307 divinae

110 1335 189 1377 legis
214 1335 378 1377 inveniat3
416 1336 500 1380 aJius
536 1350 615 1369 vero
647 1338 735 1382 apud
761 1337 909 1370 Graecos
933 1347 965 1369 et
988 1337 1079 1381 ipsos
1103 1336 1232 1380 sapien-

110 1406 158 1429 tes
193 1407 223 1430 et
256 1410 323 1429 nou
356 1389 477 1441 parvae
510 1399 706 1432 eruditionis
739 1399 907 1440 homines3
947 1398 1023 1443 (99)
1054 1399 1118 1444 jam
1150 1410 1229 1429 vero

109 1459 193 1491 alius
225 1460 314 1503 apud
348 1459 546 1504 Aethiopes,
585 1462 704 1505 quibus
735 1461 868 1505 vesciss)
898 1459 1049 1493 humanis
1081 1460 1232 1493 carnibus

109 1533 187 1552 usus
211 1530 276 1553 est:
311 1530 366 1553 aut
389 1523 477 1565 apud
503 1523 657 1568 Scythas,
682 1524 769 1567 apud
795 1535 878 1568 quos
902 1521 1114 1567 parricidium
1140 1519 1233 1566 quasi

209 1651 242 1694 ¹)
266 1650 322 1683 Sic
354 1651 436 1684 Mss.
465 1650 556 1682 Libri
587 1651 667 1683 editi
700 1652 746 1695 (v,
780 1664 807 1684 c.
840 1651 914 1684 edd.
939 1651 1004 1695 M.)
1037 1650 1233 1692 „celsiorem

110 1696 403 1740 spectaculumque
430 1696 621 1728 concedat«
648 1697 686 1729 R.

204 1751 237 1793 ²)
263 1751 319 1784 Sic
351 1752 429 1784 Mss.
457 1751 546 1784 Alias
578 1754 624 1796 (V.
657 1765 683 1786 c
715 1752 749 1784 in
782 1753 856 1784 edd.
881 1752 945 1796 M.)
979 1760 1161 1795 „praestet,
1200 1759 1231 1781 et

114 1795 261 1827 luceant:
298 1796 369 1828 aliis
399 1796 619 1836 rutilantiam,
660 1806 692 1829 et.
723 1806 896 1829 coruscent
927 1797 1057 1838 fulgore
1081 1797 1229 1828 sidereo:

114 1839 176 1871 alia
201 1839 243 1871 sit
266 1841 370 1881 gloria
405 1841 502 1880 solis,
541 1842 602 1874 alia
628 1842 742 1880 lunae,
776 1842 839 1874 ntia
869 1843 1057 1874 stellarum:
1094 1841 1188 1873 stella
1213 1853 1230 1871 a

113 1885 229 1916 stella“
256 1895 317 1917 etc.
345 1887 384 1918 R.
411 1905 449 1910 —-
475 1887 543 1919 Csr.
569 1889 582 1920 Ι
607 1887 684 1920 Cor.
710 1887 783 1926 XV,
807 1887 860 1921 41.

207 1942 240 1984 3)
265 1941 350 1973 Edd.
377 1941 424 1973 M.
454 1943 628 1975 »celsiores
652 1952 690 1975 ut
713 1942 815 1975 alios«
844 1952 905 1978 etc.

210 1997 244 2038 4)
270 1997 373 2027 Deest
399 1996 505 2041 „iane
532 1998 564 2030 in
590 1999 665 2032 edd.
689 1999 737 2031 M.
831 2000 864 2040 ⁵)
890 1999 975 2031 Edd.
1002 1998 1047 2030 M.
1077 1996 1184 2039 „antu

210 2053 243 2094 ἡ)
269 2052 337 2085 Csr.
364 2051 483 2084 Genes.
507 2054 615 2092 XXV,
637 2055 691 2089 2,ss
715 2067 805 2099 seqq.

211 2108 243 2151 ς)
270 2108 326 2140 Sic
353 2108 429 2141 Ὣεε.
454 2108 545 2141 Alias
571 2111 615 2152 (v
642 2124 668 2142 c
692 2110 725 2142 in
751 2111 825 2142 edd
852 2111 916 2155 M.)
950 2111 1031 2142 ›Vcl
1063 2110 1141 2154 quid
1167 2110 1231 2141 hoc

117 2153 157 2185 sit
183 2153 339 2184 omnino«
368 2162 428 2185 etc.
448 2154 487 2186 Ρ1.

207 2210 240 2251 8)
265 2209 369 2241 Deest
398 2209 438 2240 in
462 2210 630 2253 prioribus
655 2211 729 2243 edd.
755 2213 800 2254 (v.
827 2225 852 2244 c.
878 2212 953 2244 edd.
980 2212 1062 2255 M),
1096 2210 1152 2242 sed
1178 2209 1232 2241 lta-

116 2254 245 2286 betur
237 2267 269 2286 tn
294 2255 370 2286 Mss,
398 2255 517 2295 „vesci.
522 2271 537 2285 ‹
566 2256 591 2287 R
