1404 2463
150 85 196 121 58
625 88 799 123 Omemus

154 186 188 210 et
210 176 256 210 ita
278 188 412 221 semper
435 175 477 208 de
500 176 723 212 anterioribus
748 178 971 224 inquirentes,
1005 180 1082 222 ρι’)
1105 181 1206 213 verbo
1229 180 1280 214 in-

152 237 384 281 terrogationis
408 237 666 280 adscendentes,
700 241 936 286 perveniemus
968 241 1001 273 in
1025 240 1121 274 illum
1145 242 1281 276 intelle-

152 310 253 341 ctum,
277 307 315 332 ut
340 299 500 344 quoniam
525 312 658 345 semper
680 310 814 346 poterat
838 302 929 335 Deus
955 312 988 336 et
1012 302 1165 344 volebat,
1197 317 1282 337 nun-

151 375 251 408 quam
273 362 326 395 vel
351 360 512 401 decuerit,
539 361 591 394 vel
617 374 712 396 causa
736 362 848 407 aliqua
873 363 1027 397 exsistere
1051 365 1221 411 potuerit,
1245 374 1284 398 ut

150 437 220 457 non
244 423 320 464 hoc,
345 423 440 468 quod
464 422 590 455 bonum
615 423 762 463 volebat,
787 437 918 470 semper
943 426 1106 461 habuerit.
1139 426 1190 460 Ex
1214 423 1282 471 quo

151 484 340 518 ostenditur
368 497 500 528 semper
523 483 625 517 fuisse
649 498 811 530 vaporem
834 485 933 519 istum
959 486 1090 521 virtutis
1106 487 1184 528 Dei,
1207 488 1282 521 nul-

151 546 221 579 lum
252 546 429 578 habentem
462 545 597 579 initium
630 545 693 579 nisi
722 546 832 591 ipsum
863 548 986 582 Deum.
1042 550 1157 594 Neque
1184 550 1282 582 decc-

151 607 255 652 bat2)
284 607 376 639 aliud
406 619 476 639 esse
499 606 649 647 initium,
675 607 737 641 nisi
762 607 888 652 ipsum,
920 610 1011 642 unde
1037 619 1070 642 et
1094 619 1145 643 est
1169 619 1203 642 et
1225 623 1283 642 na·

151 669 267 710 scitur,
283 668 406 702 Deum.
443 669 636 702 Secundum
655 670 847 715 apostolum
862 683 940 702 vero
960 670 1140 712 dicentem,
1157 671 1234 718 quia
1247 671 1280 713 ³)

153 730 304 764 Christus
333 729 401 763 Dei
425 729 527 763 virtus
552 730 667 777 est:⁴)
698 730 763 777 jam
795 745 862 764 non
887 732 998 765 solum
1023 746 1130 777 vapor
1154 732 1284 767 virtutis

151 792 229 832 Dei,
253 792 313 825 sed
337 790 441 824 virtus
465 804 503 826 ex
528 793 650 826 virtute
676 792 818 826 dicenda
843 802 900 826 est.

241 853 294 890 10.
339 853 520 887 Videamus
547 849 648 888 etiam
673 855 715 888 de
740 867 792 896 eo,
819 856 911 900 quod
937 855 1066 888 dictum
1092 864 1151 895 est,
1176 867 1283 900 quon-

152 914 216 948 iam
235 916 268 960 ⁵)
300 914 509 959 „aporrhoea
540 924 588 948 est
618 915 794 961 purissima
825 915 954 959 gloriae
985 914 1278 961 omnipotentis:⁸‘

153 986 186 1010 et
209 976 300 1022 prius
325 975 464 1021 quidem
496 976 766 1017 consideremus,
798 977 878 1023 quid
912 987 959 1010 est
990 977 1097 1019 gloria
1128 976 1286 1021 omnipo-

153 1038 252 1071 tentis
275 1037 359 1079 Dei,
392 1038 515 1072 deinde
549 1038 650 1071 etiam
682 1037 764 1084 quid
788 1037 831 1071 sit
855 1037 925 1084 ejus
949 1040 1141 1084 aporrhoea
1164 1037 1284 1070 sentic-

154 1113 238 1134 mus.
286 1099 588 1143 Quemadmodum
600 1101 633 1146 ⁶)
664 1109 759 1146 pater
787 1113 856 1133 non
889 1109 1004 1146 potest
1035 1113 1103 1133 esse
1135 1098 1225 1145 quis,
1256 1098 1285 1132 si

252 1234 283 1276 ¹)
308 1232 375 1266 Sic.
399 1233 479 1269 Mss.
504 1235 595 1268 Alias
620 1235 665 1279 (v.
691 1249 718 1269 c.
743 1235 778 1268 in
802 1236 879 1270 edd.
903 1236 969 1279 M.)
995 1245 1050 1276 „et
1073 1236 1211 1268 verbum
1235 1234 1286 1267 in-

158 1277 400 1320 terrogationes
425 1297 467 1304 -—
491 1281 703 1324 pervenimus
728 1300 782 1320 -,
805 1290 842 1313 ut
866 1282 1041 1325 quomodo
1065 1293 1199 1325 semper
1221 1292 1284 1324 po-

159 1332 243 1355 terat
268 1332 301 1355 et
324 1323 475 1363 volebat,
511 1338 682 1370 nunquam
707 1326 759 1358 vel
784 1327 988 1367 decuit,—
947 1347 1008 1367 —,
1041 1336 1079 1359 ut
1109 1339 1178 1358 non
1209 1325 1286 1364 hoc,

157 1369 250 1413 quod
274 1367 418 1408 v,olehat
441 1382 575 1414 semper
598 1371 761 1404 habuerit.
767 1374 784 1391 ‘⁴
810 1371 850 1404 R.

247 1425 281 1468 ²)
305 1423 368 1456 Ed.
395 1424 443 1458 M.
469 1425 494 1457 Ι.
523 1424 710 1465 ‚,dicebat.“

249 1482 282 1524 ³)
307 1480 372 1514 Ed.
397 1481 445 1513 M.
472 1481 515 1514 ll.
543 1483 689 1526 „quod.“
717 1502 756 1508 —
782 1482 853 1516 Cfr.
880 1483 891 1515 Ι
917 1482 997 1515 Cor.
1022 1481 1049 1521 I,
1071 1481 1124 1515 24.

243 1536 277 1580 ⁴⁸)
303 1535 524 1568 Desideratur
550 1541 640 1577 „est“
666 1538 700 1571 in
726 1539 803 1572 edd.
830 1539 876 1571 M.

249 1593 282 1636 ⁵)
308 1591 364 1626 Sic
388 1591 468 1624 Mss.
495 1591 583 1626 Alias
608 1594 654 1638 (v.
680 1607 707 1628 c.
732 1593 766 1627 in
791 1595 868 1627 edd.
896 1594 960 1638 M.)
987 1593 1217 1639 „quomodof‘
1244 1593 1283 1625 R.

155 1657 198 1663 —
222 1638 301 1681 sap.
325 1637 392 1670 Sal.
418 1637 492 1677 Vll,
517 1637 570 1672 25.

250 1692 284 1738 ὃ)
309 1692 373 1726 Hic
398 1692 510 1732 locus,
541 1695 593 1727 vel
622 1695 737 1747 potius
770 1696 853 1728 alter
886 1705 974 1727 certe
1005 1693 1070 1738 ipsi
1103 1693 1287 1726 consimilis

156 1739 302 1772 refertur
325 1751 344 1771 a
367 1737 565 1780 Methodio,
594 1740 687 1786 cujus
718 1749 873 1794 excerpta
905 1739 1005 1772 habet
1028 1739 1168 1772 Photius
1196 1738 1283 1772 Cod.

158 1784 236 1819 235.
276 1787 322 1819 Εἰ
347 1783 411 1818 οὐκ
435 1784 509 1817 ἔστι
532 1786 754 1840 δημιουργὸς
782 1784 861 1820 ἀνω
886 1781 1235 1839 δημιουργηματων,
1261 1781 1283 1826 ἢ

160 1829 308 1872 ποιητὴς
332 1825 419 1864 α’νευ
442 1831 675 1885 ποιημάτων,
708 1832 792 1866 οὐδὲ
815 1829 1076 1874 παντοκράτωρ
1101 1842 1188 1866 ανευ
1210 1831 1284 1864 τῶν

160 1877 432 1926 κρατουμένων·
467 1873 530 1908 τὸν
560 1875 632 1930 γὰρ
661 1876 888 1931 δημιουργὸν
909 1877 969 1911 διά
994 1889 1029 1910 τε
1055 1872 1283 1930 δημιουργή-

159 1933 275 1975 ματα,
309 1917 449 1973 ἀνάγκη
480 1923 540 1954 καὶ
571 1920 635 1956 τὸν
657 1921 809 1976 ποιητὴν
833 1921 893 1956 διὰ
917 1921 959 1955 τὰ
984 1920 1206 1975 ποιήματα,
1220 1923 1282 1953 καὶ

161 1965 224 2000 τὸν
247 1961 530 2021 παντοκράτορα
552 1965 612 2021 διὰ
644 1966 686 2002 τὰ
719 1967 944 2012 κρατούμενα
975 1969 1161 2012 λέγεσθαι·
1185 1964 1281 2000 οἰνά-

160 2024 229 2067 7⁷⁷1
255 2011 292 2050 ἕξ
316 2011 424 2054 ἀρχῆς
448 2011 535 2046 αὐτὰ
562 2010 633 2047 ὑπὸ
655 2015 718 2047 τοῦ
752 2015 838 2048 θεοῦ
872 2014 1112 2070 ρεγενῆσθαι,
1144 2013 1205 2044 καὶ
1227 2009 1278 2054 μὴ

160 2053 253 2091 εἶναι
273 2055 442 2109 χρόνον,
464 2053 519 2092 ὅτε
552 2057 617 2092 οὐκ
647 2071 693 2100 ην
725 2060 846 2093 ταῦτα.
892 2055 942 2092 Ei
966 2057 1042 2111 γὰρ
1069 2051 1114 2100 ἦν
1132 2053 1278 2110 χρόνος,

162 2100 218 2136 ὅτε
245 2103 310 2135 οὐκ
334 2095 379 2143 ἦν
403 2099 445 2133 τὰ
470 2101 675 2155 ποιήματα,
707 2104 786 2139 ἐπεὶ
808 2106 880 2138 τῶν
903 2101 1117 2157 ποιημάτων
1138 2100 1189 2147 μὴ
1215 2097 1281 2135 ὄν-

161 2159 232 2181 των
263 2146 347 2181 οὐδὲ
378 2146 525 2200 ποιητής
556 2150 670 2192 ἐστιν,
713 2148 779 2194 ὅρα
810 2162 888 2185 οιον
918 2149 1044 2202 ἀσεβὲς
1071 2147 1278 2181 ἀκολουθεῖ.

157 2190 260 2226 Ἀλλὰ
288 2193 350 2225 καὶ
380 2189 615 2228 ἀλλοιοῦσθαι
646 2196 708 2228 καὶ
745 2193 1000 2249 μεταβάλλειν
1011 2191 1075 2248 τὸν
1103 2189 1282 2238 ἄτρεπτον

161 2240 221 2272 καὶ
245 2236 489 2272 ἀναλλοίωτον
512 2237 733 2295 συμβήσεται
755 2239 853 2276 θεόν
888 2242 935 2274 Εἰ
957 2237 1029 2294 γὰρ
1048 2235 1198 2285 ὕστερον
1210 2249 1281 2272 πε-

162 2286 289 2327 ποίηκε
313 2279 352 2318 τὸ
382 2283 478 2328 πᾶν,
510 2286 623 2327 δῆλον
655 2283 709 2320 ὅτι
739 2285 813 2322 ἀπὸ
847 2288 908 2321 τοῦ
939 2283 990 2329 μὴ
1019 2286 1141 2319 ποιεῖν
1170 2285 1219 2322 εἰς
1240 2281 1280 2318 τό
