1404 2463
437 127 483 150 DE
508 117 705 150 Pamctpns
730 117 840 149 Linea
865 117 888 148 Ι.
1181 115 1226 148 85

100 206 179 238 sint:
204 205 415 250 participatio
442 219 520 238 vero
547 205 671 238 Christi
695 205 878 238 secundum
898 204 945 244 id,
968 205 1059 249 quod
1086 205 1224 236 verbum

100 267 152 298 vel
176 266 261 299 ratio
287 276 353 307 est,
382 267 462 300 facit
492 281 529 302 ea
561 280 630 300 esse
661 266 887 299 rationabilia.
940 266 989 298 Ex
1015 279 1081 310 quo
1107 277 1224 298 conse-

99 340 203 372 quens
229 337 288 369 est,
313 341 350 361 ea
375 329 426 361 vel
452 329 550 361 laude
575 329 672 370 digna
697 341 784 368 esse,
810 328 862 360 vel
889 327 998 372 culpa,
1022 326 1098 371 quia
1123 322 1224 359 virtu-

98 389 141 421 tis
159 397 200 422 'et
229 389 376 423 malitiae
409 400 484 423 suut
515 390 658 435 capacia.
704 390 853 434 Propter
882 389 948 422 hoc
979 397 1224 432 consequenter

97 451 192 483 adest
215 451 316 484 etiam
339 451 441 493 gratia
465 451 610 496 Spiritus
635 451 754 493 sancti,
779 461 818 483 ut
842 464 896 491 ea,
921 463 1005 495 quae
1028 448 1226 482 substantia-

97 512 175 544 liter
197 522 308 545 sancta
330 525 398 546 non
422 522 509 553 sunt,
531 513 790 558 participatione
814 511 918 557 ipsius
942 519 1054 545 sancta
1078 510 1225 543 effician-

97 582 160 607 tur.
209 574 292 606 Cum
310 573 338 617 ¹)
372 588 450 617 ergo
476 574 587 620 primo
613 584 650 607 ut
673 574 756 616 sint,
790 574 932 607 habeant
956 586 994 606 ex
1017 572 1095 605 Deo
1119 580 1225 617 patre,

97 636 243 668 secundo
268 645 304 669 ut
330 635 543 669 rationabilia
567 635 643 677 sint,
666 637 810 668 habeant
841 648 879 668 ex
905 635 1027 674 verbo,
1060 632 1161 666 tertio
1186 642 1224 665 ut

95 696 162 729 sint
193 706 323 738 sancta,
360 698 503 730 habeant
540 711 578 730 ex
609 697 740 742 Spiritu
769 706 902 730 sancto:
933 709 1066 728 rursum
1099 694 1224 728 Christi

94 758 276 790 secundum
301 759 385 799 hoc,
418 759 510 805 quod
533 758 658 805 justitia
682 758 750 792 Dei
774 768 841 798 est,
873 756 1007 802 capacia
1033 756 1225 789 efficiuntur

95 832 142 859 ea,
167 833 250 864 quae
280 819 346 867 jam
370 821 571 853 sanctificata
603 830 679 853 ante
711 820 835 853 fuerint
865 833 927 865 per
956 818 1122 864 Spiritum
1151 830 1224 850 san-

95 890 206 923 ctum;
243 891 276 914 et
306 883 364 927 qui
394 883 426 915 in
459 883 546 915 hunc
577 883 718 925 gradum
748 882 914 926 proficere
947 881 1132 914 meruerint
1161 892 1223 923 per

91 943 387 976 sanctificationem
412 944 558 989 Spiritus
582 944 704 984 sancti,
729 952 978 988 consequentur
1001 941 1222 975 nihilominus

93 1005 220 1037 donum
244 1005 471 1050 sapientiae²)
501 1006 686 1038 secundum
711 1005 868 1038 virtutem
894 1014 927 1037 et
950 1002 1221 1048 inoperationem

93 1066 239 1110 Spiritus
269 1067 347 1099 Dei.
394 1066 439 1100 Et
467 1067 533 1099 hoc
563 1076 647 1111 puto
680 1067 826 1100 Paulum
860 1065 990 1106 dicere,
1022 1078 1098 1098 cum
1129 1064 1220 1108 ait3)

93 1128 291 1172 quibusdam
324 1127 395 1160 dari
419 1141 610 1162 sermonem
641 1128 847 1174 sapientiae,
880 1127 952 1160 aliis
966 1126 999 1171 ⁴)
1029 1139 1220 1160 sermonem

92 1190 248 1223 scientiae
272 1190 455 1222 secundum
470 1191 613 1223 eundem
632 1190 807 1235 Spiritum.
846 1189 890 1222 Et
907 1188 1078 1230 designans
1103 1201 1219 1220 unam-

94 1265 260 1297 quamque
285 1251 523 1284 discretionem
548 1252 736 1291 donorum,
758 1252 862 1284 refert
887 1250 999 1283 omnia
1023 1250 1066 1282 ad
1088 1249 1221 1282 univer-

91 1314 197 1347 sitatis
212 1315 352 1353 sontem,
377 1323 410 1346 et
433 1313 531 1346 dicit:
558 1313 772 1356 „Divisiones
786 1314 818 1357 ⁵)
843 1322 918 1345 sunt
937 1311 1222 1356 inoperationum,

90 1376 149 1408 sed
173 1389 259 1408 unus
284 1376 388 1414 Deus,
413 1375 469 1420 qui
495 1385 654 1420 operatur
685 1374 796 1407 omnia
820 1374 854 1406 in
886 1373 1076 1407 omnibus.“
1123 1372 1222 1405 Unde

91 1447 124 1470 ct
148 1437 338 1482 inoperatio
363 1437 486 1477 Patris,
517 1450 601 1482 quae
626 1449 695 1469 esse
708 1437 742 1481 ⁶)
772 1445 918 1480 praestat
949 1434 1122 1474 omnibus,
1155 1434 1222 1466 cla-

91 1500 161 1532 rior
189 1513 227 1531 ac
262 1498 529 1540 magnificentior
566 1498 751 1538 invenitur,
787 1511 863 1530 cum
899 1496 1125 1542 unusquisque
1160 1508 1223 1540 per

90 1560 383 1606 participationem
415 1560 539 1593 Christi
563 1561 748 1593 secundum
774 1559 827 1599 id,
856 1560 948 1604 quod
973 1557 1134 1603 sapientia
1160 1566 1219 1605 est,

91 1633 124 1655 ct
147 1622 330 1655 secundum
362 1622 415 1661 id,
455 1622 548 1666 quod
579 1621 717 1654 scientia
749 1631 814 1661 est,
854 1630 888 1654 et
916 1619 1134 1653 sanctificatio
1160 1628 1220 1661 est,

90 1683 227 1728 proficit
251 1692 285 1715 et
308 1682 342 1715 iu
366 1683 548 1727 altiore-3⁷)
574 1685 791 1728 profectuum
817 1683 935 1725 gradus
965 1681 1073 1714 venit:
1103 1690 1137 1713 et
1160 1693 1216 1724 pei

91 1746 176 1785 hoc,
217 1745 306 1789 quod
340 1744 597 1789 participatione
626 1745 728 1778 sancti
761 1744 908 1789 Spiritus
937 1744 1042 1776 factus
1075 1752 1123 1775 est
1147 1740 1220 1787 quis

91 1806 210 1851 purior
232 1816 332 1851 atque
355 1806 534 1849 sincerior,
567 1809 709 1840 effectus
739 1807 857 1849 (lignus
869 1806 904 1851 ⁹)
938 1804 1061 1851 recipit
1090 1803 1221 1849 sapien-

188 1981 218 2021 ¹)
246 1980 317 2014 Csr.
343 1981 394 2012 ed.
419 1981 549 2025 Redep,
572 1994 647 2026 pag.
674 1981 748 2017 131.
773 1990 842 2014 not.
870 1979 922 2015 18.

184 2039 221 2079 ²)
245 2036 307 2069 Ed.
333 2036 381 2069 M.
407 2037 431 2069 l.
457 2041 625 2081 „sapere.“
720 2039 755 2080 ³)
780 2039 794 2070 I
820 2037 899 2071 Cor.
923 2035 1001 2075 XII,
1024 2035 1058 2069 8-

184 2093 218 2135 ⁴)
243 2092 331 2125 Edd.
356 2092 405 2126 M.
432 2093 542 2134 „alii.“
638 2095 670 2139 ⁵)
695 2094 709 2126 I
735 2094 814 2127 Cor.
837 2092 914 2132 th,
938 2092 969 2127 6.

185 2149 219 2193 ⁶)
244 2149 278 2180 ln
303 2157 397 2180 antea
424 2148 521 2182 editis
548 2150 596 2194 (v.
623 2163 650 2182 c.
676 2150 751 2182 edd.
774 2149 839 2194 M.)
858 2149 951 2182 deest
977 2148 1100 2191 ‚‚essc,“
1126 2144 1217 2190 quod

94 2202 197 2228 exstat
221 2193 255 2225 in
280 2194 358 2227 Mss.
383 2194 442 2226 R„

187 2250 220 2293 ⁷)
245 2249 315 2283 Csr.
341 2250 392 2282 ed.
418 2249 547 2294 Rcdep.
573 2262 647 2294 pag.
673 2250 747 2287 131.
773 2258 843 2283 not.
868 2249 921 2285 38.

185 2307 221 2351 ⁸)
244 2306 307 2339 Ed.
334 2307 380 2339 M.
409 2306 450 2340 H.
478 2305 646 2347 ‚,dignos.“
