1404 2463
216 103 285 138 270
692 104 868 136 Oaffimws

216 193 320 225 modo
351 205 413 237 per
445 192 508 225 hoc
538 191 621 226 nihil
653 206 788 237 prorsus
820 193 1008 238 justitiae')
1041 193 1106 225 Dei
1139 194 1338 236 derogetur;

215 254 430 300 quoniam,²)
462 253 541 286 licet
570 255 697 287 bonum
729 268 804 287 cum
838 264 975 296 negent,
1011 254 1134 300 justum
1164 264 1273 288 tamen
1306 265 1339 287 et

214 317 381 361 judicem,
417 325 449 348 et
484 316 600 348 mundi
632 326 815 349 creatorem
846 318 1001 349 fatentur.
1050 316 1144 349 Aiius
1177 317 1264 349 enim
1288 330 1338 350 rc-

214 378 405 423 sponsionis
437 378 522 410 ordo
553 387 602 410 est
632 379 786 411 adversus
812 392 886 418 eos,
924 378 980 422 qui
1005 378 1206 420 malignum,
1232 378 1267 411 id
1292 389 1341 411 est

215 440 401 478 diabolum,
425 440 542 472 mundi
567 440 663 485 hujus
686 450 832 473 asserunt
859 450 1053 474 creatorem.

304 501 355 536 10.
401 503 471 534 Nos
504 514 582 533 vero
616 502 774 546 quoniam
806 515 872 534 non
905 502 1014 534 solum
1046 501 1188 547 justum,
1226 502 1284 534 sed
1308 507 1342 533 'et

214 565 343 596 bonum
366 563 478 595 Deum
502 565 655 603 fatemur,
681 564 737 608 qui
761 576 822 607 per
846 564 964 596 Mosen
993 565 1151 608 loquutus
1176 573 1241 603 est,
1265 576 1342 607 per-

216 625 394 669 spiciamus
407 625 440 669 ³)
472 625 662 667 diligentius
695 627 869 669 quomodo
906 625 994 671 justo
1026 626 1186 670 bonoque
1219 638 1342 657 conve-

216 687 302 726 niat,
327 687 419 732 quod
445 700 504 719 cor
528 687 682 718 indurare
707 687 830 719 dicitur
853 687 1043 720 Pharaonis.
1090 688 1134 720 Et
1159 687 1340 726 videamus,

217 750 316 792 (117)
349 748 375 780 si
412 749 500 780 forte
542 761 718 792 possumus
749 758 924 793 sequentes
962 749 1153 793 apostolum
1186 748 1340 788 Paulum,

217 811 450 843 difficultatem
490 810 537 842 rei
570 810 731 854 exemplis
764 811 963 855 quibusdam
997 823 1034 843 ac
1068 809 1342 843 simititudinibus

217 873 358 911 solvere,
385 871 456 914 si⁴)
476 872 730 909 ostenderimus,
756 872 913 916 quoniam
940 885 1007 904 uno
1032 873 1221 916 eodemque
1238 884 1342 916 opere

215 935 308 966 Deus
339 933 473 966 alterius
506 934 641 977 quidem
674 933 866 972 miseretur,
898 943 929 965 et
958 933 1060 965 alium
1092 933 1242 972 indurat,
1273 945 1342 965 non

216 996 328 1040 hoc⁵)
354 1008 466 1037 agens,
490 1007 599 1038 neque
625 995 758 1034 voleus,
781 1004 817 1026 ut
844 995 1018 1027 induretur
1043 995 1102 1027 illc
1127 994 1183 1039 qui
1207 995 1343 1027 indura-

216 1068 289 1090 tur:
324 1059 383 1090 sed
415 1058 495 1089 dum
527 1057 585 1089 ille
598 1057 631 1101 ⁶)
663 1056 864 1098 benignitate
896 1070 953 1089 sua
984 1067 1016 1089 et
1045 1057 1202 1101 patientia
1227 1057 1342 1096 utitur,

217 1118 267 1151 his
292 1118 445 1162 quidem,
480 1118 535 1163 qui
567 1118 636 1163 ejus
661 1118 897 1160 benignitatem
923 1128 955 1150 et
978 1118 1170 1163 patientiam
1195 1120 1234 1151 ad
1259 1131 1343 1153 tcon-

217 1189 359 1213 temtum
384 1189 483 1224 atque
508 1180 720 1212 insolentiam
746 1181 884 1219 ducunt,
907 1180 1084 1213 induratur
1107 1193 1183 1220 cor,
1216 1181 1296 1212 dum
1309 1180 1342 1224 7)

219 1241 396 1274 criminum
428 1255 538 1286 poena
570 1242 742 1281 differtum
778 1241 812 1274 bi
838 1255 934 1281 vero,
967 1242 1025 1286 qui
1048 1242 1285 1284 benignitatem
1309 1251 1342 1273 et

218 1303 414 1347 patientiam
452 1303 523 1349 ejus
559 1304 599 1335 ad
639 1303 849 1336 occasionem
889 1303 1117 1347 poenitentiae
1154 1304 1276 1348 suae⁸)
1311 1313 1344 1335 et

219 1364 466 1397 emendationis
490 1365 676 1409 accipiunt,
699 1365 964 1398 misericordiam
989 1375 1250 1410 consequuntur.
1296 1365 1343 1398 Ut

219 1436 330 1459 autem
362 1427 548 1458 evidentius
580 1427 672 1470 quod
714 1427 855 1459 dicimus
887 1428 1170 1466 demonstremus,
1209 1437 1342 1460 utamur

220 1489 393 1534 exemplo,
419 1501 485 1533 quo
510 1488 544 1520 in
569 1489 711 1532 epistola
735 1489 775 1520 ad
800 1489 972 1521 Hebraeos
995 1503 1073 1521 usus
1098 1499 1147 1522 est
1170 1489 1342 1534 apostolus

219 1551 354 1590 Paulus,
379 1551 510 1583 dicens:
537 1550 707 1593 „Ter1-a9)
732 1549 831 1591 enim,
857 1563 941 1594 quae
965 1550 1050 1582 bibit
1074 1551 1266 1595 frequenter
1288 1563 1342 1583 su-

316 1724 347 1768 ¹)
373 1723 460 1755 Edd.
479 1723 526 1755 M.
553 1723 640 1763 „Dei
664 1723 841 1768 justiti-‘mſs‘
893 1725 925 1767 ²)
942 1724 1028 1756 Edd.
1046 1723 1094 1758 M.
1112 1723 1340 1767 „quomod0.“

312 1781 346 1823 3)
372 1778 463 1811 Libri
487 1779 568 1811 editi
594 1781 638 1823 (v.
664 1792 691 1812 c.
717 1780 792 1812 edd.
817 1780 882 1824 M.)
908 1779 1176 1824 „respiciamus.“

313 1836 346 1879 ⁴²)
373 1835 429 1868 Sic
455 1835 534 1869 Mss.
559 1834 650 1867 Libri
682 1835 762 1867 editi
795 1836 841 1879 (v.
868 1849 894 1868 c.
923 1836 997 1868 edd.
1024 1835 1089 1879 M.)
1123 1836 1171 1876 „si
1196 1836 1341 1869 ostendi-

221 1894 293 1913 mus
326 1881 485 1925 quoniam
511 1881 580 1924 (ed.
606 1881 653 1913 M.
677 1881 719 1913 ΙΙ.
744 1882 845 1925 quod)
869 1893 936 1912 uno
969 1881 1158 1926 eodemque
1188 1891 1342 1926 tempore

220 1927 423 2005 Deus“1l‹itc.
450 1926 488 1958 R.
514 1944 554 1949 —
591 1925 678 1958 Vide
703 1926 934 1967 Origenianor.
968 1927 1025 1960 lib.
1051 1927 1090 1959 ΙΙ.
1118 1937 1244 1971 quaest.
1268 1927 1340 1963 Vll.

220 1985 311 2004 num.
383 1997 390 2003 .

315 2028 348 2071 ⁵)
371 2027 476 2059 Deest
502 2027 607 2067 „hoc“
633 2027 666 2059 in
692 2028 766 2060 edd.
791 2028 841 2061 M.
936 2028 969 2072 6)
992 2028 1080 2061 Edd.
1105 2028 1152 2060 M.
1179 2027 1304 2072 „ipse.“

315 2084 349 2126 ⁷)
374 2082 465 2114 Libri
497 2082 578 2115 editi
611 2086 657 2125 (V.
691 2096 718 2116 c.
753 2083 828 2115 edd.
854 2084 919 2128 M.)
959 2084 1059 2125 „dum
1091 2085 1132 2116 ad
1163 2083 1340 2116 terminum

222 2141 333 2174 poena
359 2128 547 2160 differtur.“
597 2129 664 2160 Sed
689 2128 768 2160 Mss.
792 2137 830 2160 ut
853 2129 886 2161 in
911 2138 1026 2162 nostro
1051 2138 1153 2163 textu.
1175 2129 1216 2162 R.

314 2185 348 2229 Β)
372 2185 476 2216 Deest
500 2184 532 2215 in
557 2193 651 2216 antea
676 2184 772 2216 editis
798 2185 842 2228 (v,
869 2199 896 2219 c.
924 2186 999 2218 edd.
1023 2186 1100 2229 Μ.),
1122 2187 1179 2218 sed
1205 2185 1342 2219 habetur

224 2231 257 2264 iu
281 2231 362 2264 Mss.
390 2233 518 2269 „suae.“
546 2229 584 2260 R.

318 2286 350 2330 9)
376 2285 478 2318 nem.
507 2285 564 2323 v=‚
591 2283 620 2316 τ.
644 2283 676 2316 8.
