<?xml version="1.0" encoding="UTF-8"?>
<!DOCTYPE html PUBLIC "-//W3C//DTD XHTML 1.0 Transitional//EN"
    "http://www.w3.org/TR/xhtml1/DTD/xhtml1-transitional.dtd">
<html xmlns="http://www.w3.org/1999/xhtml" xml:lang="en" lang="en">
 <head>
  <title>
</title>
<meta http-equiv="Content-Type" content="text/html;charset=utf-8" />
  <meta name='ocr-system' content='tesseract 3.04.00' />
  <meta name='ocr-capabilities' content='ocr_page ocr_carea ocr_par ocr_line ocrx_word'/>
</head>
<body>
  <div class='ocr_page' id='page_1' title='image "./operaomniaquaegr21orig/operaomniaquaegr21orig_0338.png"; bbox 0 0 1404 2463; ppageno 0'>
   <div class='ocr_carea' id='block_1_1' title="bbox 199 115 843 151">
    <p class='ocr_par' dir='ltr' id='par_1_1' title="bbox 199 115 843 151">
     <span class='ocr_line' id='line_1_1' title="bbox 199 115 843 151; baseline -0.005 -1"><span class='ocrx_word' id='word_1_1' title='bbox 199 115 267 151; x_wconf 62' lang='lat'>324</span> <span class='ocrx_word' id='word_1_2' title='bbox 665 115 843 148; x_wconf 70' lang='lat' dir='ltr'>Onffissms</span> 
     </span>
    </p>
   </div>
   <div class='ocr_carea' id='block_1_2' title="bbox 207 204 1348 1725">
    <p class='ocr_par' dir='ltr' id='par_1_2' title="bbox 207 204 1348 1725">
     <span class='ocr_line' id='line_1_2' title="bbox 207 204 1334 249; baseline -0.001 -12"><span class='ocrx_word' id='word_1_3' title='bbox 207 216 286 237; x_wconf 81' lang='lat' dir='ltr'>tere.</span> <span class='ocrx_word' id='word_1_4' title='bbox 325 204 481 237; x_wconf 77' lang='lat' dir='ltr'>Arbitror</span> <span class='ocrx_word' id='word_1_5' title='bbox 504 204 614 245; x_wconf 73' lang='lat' dir='ltr'>igitur,</span> <span class='ocrx_word' id='word_1_6' title='bbox 638 204 725 237; x_wconf 83' lang='lat' dir='ltr'>sicut</span> <span class='ocrx_word' id='word_1_7' title='bbox 749 217 848 249; x_wconf 85' lang='lat' dir='ltr'>supra</span> <span class='ocrx_word' id='word_1_8' title='bbox 874 205 1028 242; x_wconf 78' lang='lat' dir='ltr'>diximus,</span> <span class='ocrx_word' id='word_1_9' title='bbox 1053 204 1247 248; x_wconf 70' lang='lat' dir='ltr'>sapientiam</span> <span class='ocrx_word' id='word_1_10' title='bbox 1265 215 1334 236; x_wconf 85' lang='lat' dir='ltr'>esse</span> 
     </span>
     <span class='ocr_line' id='line_1_3' title="bbox 208 264 1335 311; baseline -0.002 -13"><span class='ocrx_word' id='word_1_11' title='bbox 208 266 304 311; x_wconf 76' lang='lat' dir='ltr'>hujus</span> <span class='ocrx_word' id='word_1_12' title='bbox 329 265 448 298; x_wconf 87' lang='lat' dir='ltr'>mundi</span> <span class='ocrx_word' id='word_1_13' title='bbox 474 266 572 298; x_wconf 80' lang='lat' dir='ltr'>aliam</span> <span class='ocrx_word' id='word_1_14' title='bbox 599 266 765 311; x_wconf 78' lang='lat' dir='ltr'>quandam</span> <span class='ocrx_word' id='word_1_15' title='bbox 791 275 924 310; x_wconf 83' lang='lat' dir='ltr'>praeter</span> <span class='ocrx_word' id='word_1_16' title='bbox 947 265 1020 298; x_wconf 85' lang='lat' dir='ltr'>illas</span> <span class='ocrx_word' id='word_1_17' title='bbox 1036 264 1226 310; x_wconf 83' lang='lat' dir='ltr'>sapientias,</span> <span class='ocrx_word' id='word_1_18' title='bbox 1250 277 1335 309; x_wconf 83' lang='lat' dir='ltr'>quae</span> 
     </span>
     <span class='ocr_line' id='line_1_4' title="bbox 207 325 1336 372; baseline -0.002 -12"><span class='ocrx_word' id='word_1_19' title='bbox 207 337 284 360; x_wconf 79' lang='lat' dir='ltr'>sunt</span> <span class='ocrx_word' id='word_1_20' title='bbox 308 327 500 372; x_wconf 87' lang='lat' dir='ltr'>principum</span> <span class='ocrx_word' id='word_1_21' title='bbox 526 325 622 371; x_wconf 80' lang='lat' dir='ltr'>hujus</span> <span class='ocrx_word' id='word_1_22' title='bbox 647 328 785 368; x_wconf 75' lang='lat' dir='ltr'>muudi,</span> <span class='ocrx_word' id='word_1_23' title='bbox 810 341 871 371; x_wconf 84' lang='lat' dir='ltr'>per</span> <span class='ocrx_word' id='word_1_24' title='bbox 895 340 993 372; x_wconf 82' lang='lat' dir='ltr'>quam</span> <span class='ocrx_word' id='word_1_25' title='bbox 1016 326 1213 372; x_wconf 80' lang='lat' dir='ltr'>sapientiam</span> <span class='ocrx_word' id='word_1_26' title='bbox 1237 326 1336 359; x_wconf 80' lang='lat' dir='ltr'>intel-</span> 
     </span>
     <span class='ocr_line' id='line_1_5' title="bbox 208 387 1338 433; baseline -0.002 -12"><span class='ocrx_word' id='word_1_27' title='bbox 208 389 267 431; x_wconf 78' lang='lat' dir='ltr'>ligi</span> <span class='ocrx_word' id='word_1_28' title='bbox 299 388 455 420; x_wconf 83' lang='lat' dir='ltr'>videntur</span> <span class='ocrx_word' id='word_1_29' title='bbox 487 401 524 420; x_wconf 86' lang='lat' dir='ltr'>ea</span> <span class='ocrx_word' id='word_1_30' title='bbox 550 397 584 420; x_wconf 83' lang='lat' dir='ltr'>et</span> <span class='ocrx_word' id='word_1_31' title='bbox 607 389 850 432; x_wconf 82' lang='lat' dir='ltr'>comprehendi</span> <span class='ocrx_word' id='word_1_32' title='bbox 882 401 966 433; x_wconf 81' lang='lat' dir='ltr'>quae</span> <span class='ocrx_word' id='word_1_33' title='bbox 991 389 1087 433; x_wconf 73' lang='lat' dir='ltr'>hujus</span> <span class='ocrx_word' id='word_1_34' title='bbox 1111 387 1227 420; x_wconf 84' lang='lat' dir='ltr'>mundi</span> <span class='ocrx_word' id='word_1_35' title='bbox 1251 397 1338 420; x_wconf 86' lang='lat' dir='ltr'>sunt.</span> 
     </span>
     <span class='ocr_line' id='line_1_6' title="bbox 210 450 1339 494; baseline -0.001 -12"><span class='ocrx_word' id='word_1_36' title='bbox 210 450 307 494; x_wconf 81' lang='lat' dir='ltr'>Quae</span> <span class='ocrx_word' id='word_1_37' title='bbox 339 460 449 482; x_wconf 88' lang='lat' dir='ltr'>tamen</span> <span class='ocrx_word' id='word_1_38' title='bbox 483 450 517 482; x_wconf 91' lang='lat' dir='ltr'>in</span> <span class='ocrx_word' id='word_1_39' title='bbox 550 464 585 482; x_wconf 80' lang='lat' dir='ltr'>se</span> <span class='ocrx_word' id='word_1_40' title='bbox 616 451 698 482; x_wconf 88' lang='lat' dir='ltr'>nihil</span> <span class='ocrx_word' id='word_1_41' title='bbox 731 450 845 489; x_wconf 85' lang='lat' dir='ltr'>habet,</span> <span class='ocrx_word' id='word_1_42' title='bbox 876 460 913 482; x_wconf 87' lang='lat' dir='ltr'>ut</span> <span class='ocrx_word' id='word_1_43' title='bbox 937 450 1044 494; x_wconf 85' lang='lat' dir='ltr'>possit</span> <span class='ocrx_word' id='word_1_44' title='bbox 1066 450 1196 494; x_wconf 88' lang='lat' dir='ltr'>aliquid</span> <span class='ocrx_word' id='word_1_45' title='bbox 1220 450 1273 482; x_wconf 87' lang='lat' dir='ltr'>vel</span> <span class='ocrx_word' id='word_1_46' title='bbox 1297 450 1339 482; x_wconf 86' lang='lat' dir='ltr'>de</span> 
     </span>
     <span class='ocr_line' id='line_1_7' title="bbox 211 505 1339 556; baseline -0.002 -11"><span class='ocrx_word' id='word_1_47' title='bbox 211 513 402 550; x_wconf 85' lang='lat' dir='ltr'>divinitate,</span> <span class='ocrx_word' id='word_1_48' title='bbox 442 512 496 544; x_wconf 74' lang='lat' dir='ltr'>vel</span> <span class='ocrx_word' id='word_1_49' title='bbox 528 513 568 544; x_wconf 88' lang='lat' dir='ltr'>de</span> <span class='ocrx_word' id='word_1_50' title='bbox 602 513 720 544; x_wconf 85' lang='lat' dir='ltr'>mundi</span> <span class='ocrx_word' id='word_1_51' title='bbox 752 513 899 551; x_wconf 87' lang='lat' dir='ltr'>ratione,</span> <span class='ocrx_word' id='word_1_52' title='bbox 931 513 984 544; x_wconf 77' lang='lat' dir='ltr'>vel</span> <span class='ocrx_word' id='word_1_53' title='bbox 1017 512 1058 544; x_wconf 86' lang='lat' dir='ltr'>de</span> <span class='ocrx_word' id='word_1_54' title='bbox 1084 505 1339 556; x_wconf 79' lang='lat' dir='ltr'>quibuscunque</span> 
     </span>
     <span class='ocr_line' id='line_1_8' title="bbox 211 573 1339 611; baseline -0.003 -4"><span class='ocrx_word' id='word_1_55' title='bbox 211 574 451 607; x_wconf 72' lang='lat' dir='ltr'>excelsioribus</span> <span class='ocrx_word' id='word_1_56' title='bbox 475 574 590 611; x_wconf 80' lang='lat' dir='ltr'>rebus,</span> <span class='ocrx_word' id='word_1_57' title='bbox 617 574 670 606; x_wconf 68' lang='lat' dir='ltr'>vel</span> <span class='ocrx_word' id='word_1_58' title='bbox 696 574 737 606; x_wconf 81' lang='lat' dir='ltr'>(le</span> <span class='ocrx_word' id='word_1_59' title='bbox 762 575 870 606; x_wconf 85' lang='lat' dir='ltr'>bonae</span> <span class='ocrx_word' id='word_1_60' title='bbox 895 587 932 606; x_wconf 85' lang='lat' dir='ltr'>ac</span> <span class='ocrx_word' id='word_1_61' title='bbox 957 575 1073 606; x_wconf 88' lang='lat' dir='ltr'>beatae</span> <span class='ocrx_word' id='word_1_62' title='bbox 1097 573 1184 606; x_wconf 78' lang='lat' dir='ltr'>vitae</span> <span class='ocrx_word' id='word_1_63' title='bbox 1209 573 1339 606; x_wconf 78' lang='lat' dir='ltr'>institu-</span> 
     </span>
     <span class='ocr_line' id='line_1_9' title="bbox 210 634 1340 677; baseline -0.002 -9"><span class='ocrx_word' id='word_1_64' title='bbox 210 636 303 668; x_wconf 91' lang='lat' dir='ltr'>tione</span> <span class='ocrx_word' id='word_1_65' title='bbox 326 636 468 677; x_wconf 88' lang='lat' dir='ltr'>sentire;</span> <span class='ocrx_word' id='word_1_66' title='bbox 498 635 557 667; x_wconf 89' lang='lat' dir='ltr'>sed</span> <span class='ocrx_word' id='word_1_67' title='bbox 583 645 632 668; x_wconf 86' lang='lat' dir='ltr'>est</span> <span class='ocrx_word' id='word_1_68' title='bbox 656 635 741 674; x_wconf 87' lang='lat' dir='ltr'>talis,</span> <span class='ocrx_word' id='word_1_69' title='bbox 767 635 860 667; x_wconf 75' lang='lat' dir='ltr'>verbi</span> <span class='ocrx_word' id='word_1_70' title='bbox 886 648 998 674; x_wconf 87' lang='lat' dir='ltr'>causa,</span> <span class='ocrx_word' id='word_1_71' title='bbox 1022 644 1060 667; x_wconf 87' lang='lat' dir='ltr'>ut</span> <span class='ocrx_word' id='word_1_72' title='bbox 1083 644 1133 667; x_wconf 83' lang='lat' dir='ltr'>est</span> <span class='ocrx_word' id='word_1_73' title='bbox 1157 634 1265 667; x_wconf 81' lang='lat' dir='ltr'>omnis</span> <span class='ocrx_word' id='word_1_74' title='bbox 1289 646 1340 666; x_wconf 84' lang='lat' dir='ltr'>ars</span> 
     </span>
     <span class='ocr_line' id='line_1_10' title="bbox 212 696 1341 743; baseline -0.003 -13"><span class='ocrx_word' id='word_1_75' title='bbox 212 698 358 743; x_wconf 67' lang='lat' dir='ltr'>poetica,</span> <span class='ocrx_word' id='word_1_76' title='bbox 382 697 437 729; x_wconf 90' lang='lat' dir='ltr'>vel</span> <span class='ocrx_word' id='word_1_77' title='bbox 461 697 685 738; x_wconf 82' lang='lat' dir='ltr'>grammatica,</span> <span class='ocrx_word' id='word_1_78' title='bbox 711 697 764 729; x_wconf 79' lang='lat' dir='ltr'>vel</span> <span class='ocrx_word' id='word_1_79' title='bbox 790 697 967 735; x_wconf 80' lang='lat' dir='ltr'>rhetorica,</span> <span class='ocrx_word' id='word_1_80' title='bbox 993 698 1045 729; x_wconf 85' lang='lat' dir='ltr'>vel</span> <span class='ocrx_word' id='word_1_81' title='bbox 1071 696 1265 738; x_wconf 79' lang='lat' dir='ltr'>geometria,</span> <span class='ocrx_word' id='word_1_82' title='bbox 1288 696 1341 728; x_wconf 86' lang='lat' dir='ltr'>vel</span> 
     </span>
     <span class='ocr_line' id='line_1_11' title="bbox 209 758 1340 803; baseline -0.003 -11"><span class='ocrx_word' id='word_1_83' title='bbox 209 760 356 798; x_wconf 84' lang='lat' dir='ltr'>musica,</span> <span class='ocrx_word' id='word_1_84' title='bbox 390 772 465 791; x_wconf 89' lang='lat' dir='ltr'>cum</span> <span class='ocrx_word' id='word_1_85' title='bbox 498 758 615 803; x_wconf 87' lang='lat' dir='ltr'>quibus</span> <span class='ocrx_word' id='word_1_86' title='bbox 646 759 895 791; x_wconf 75' lang='lat' dir='ltr'>adnumeranda</span> <span class='ocrx_word' id='word_1_87' title='bbox 932 768 980 790; x_wconf 76' lang='lat' dir='ltr'>est</span> <span class='ocrx_word' id='word_1_88' title='bbox 1013 758 1207 802; x_wconf 82' lang='lat' dir='ltr'>fortassis¹)</span> <span class='ocrx_word' id='word_1_89' title='bbox 1240 758 1340 791; x_wconf 85' lang='lat' dir='ltr'>etiam</span> 
     </span>
     <span class='ocr_line' id='line_1_12' title="bbox 211 819 1343 865; baseline -0.001 -12"><span class='ocrx_word' id='word_1_90' title='bbox 211 821 386 853; x_wconf 85' lang='lat' dir='ltr'>medicina.</span> <span class='ocrx_word' id='word_1_91' title='bbox 435 821 474 852; x_wconf 83' lang='lat' dir='ltr'>ln</span> <span class='ocrx_word' id='word_1_92' title='bbox 506 820 555 852; x_wconf 84' lang='lat' dir='ltr'>his</span> <span class='ocrx_word' id='word_1_93' title='bbox 581 820 739 852; x_wconf 88' lang='lat' dir='ltr'>omnibus</span> <span class='ocrx_word' id='word_1_94' title='bbox 762 820 958 864; x_wconf 79' lang='lat' dir='ltr'>sapientiam</span> <span class='ocrx_word' id='word_1_95' title='bbox 985 820 1102 852; x_wconf 89' lang='lat' dir='ltr'>mundi</span> <span class='ocrx_word' id='word_1_96' title='bbox 1125 819 1222 865; x_wconf 69' lang='lat' dir='ltr'>hujus</span> <span class='ocrx_word' id='word_1_97' title='bbox 1235 821 1268 863; x_wconf 83' lang='lat'>²)</span> <span class='ocrx_word' id='word_1_98' title='bbox 1293 820 1343 852; x_wconf 90' lang='lat' dir='ltr'>in-</span> 
     </span>
     <span class='ocr_line' id='line_1_13' title="bbox 212 881 1342 927; baseline -0.002 -12"><span class='ocrx_word' id='word_1_99' title='bbox 212 896 281 915; x_wconf 82' lang='lat' dir='ltr'>esse</span> <span class='ocrx_word' id='word_1_100' title='bbox 312 881 525 914; x_wconf 84' lang='lat' dir='ltr'>sentiendum</span> <span class='ocrx_word' id='word_1_101' title='bbox 557 889 624 917; x_wconf 5' lang='lat' dir='ltr'>est..</span> <span class='ocrx_word' id='word_1_102' title='bbox 663 881 870 924; x_wconf 79' lang='lat' dir='ltr'>Sapientiam</span> <span class='ocrx_word' id='word_1_103' title='bbox 906 894 986 913; x_wconf 85' lang='lat' dir='ltr'>vero</span> <span class='ocrx_word' id='word_1_104' title='bbox 1018 882 1213 926; x_wconf 87' lang='lat' dir='ltr'>principum</span> <span class='ocrx_word' id='word_1_105' title='bbox 1244 881 1342 927; x_wconf 71' lang='lat' dir='ltr'>hujus</span> 
     </span>
     <span class='ocr_line' id='line_1_14' title="bbox 212 942 1344 988; baseline -0.002 -11"><span class='ocrx_word' id='word_1_106' title='bbox 212 943 332 977; x_wconf 88' lang='lat' dir='ltr'>mundi</span> <span class='ocrx_word' id='word_1_107' title='bbox 355 942 590 983; x_wconf 80' lang='lat' dir='ltr'>intelligimus,</span> <span class='ocrx_word' id='word_1_108' title='bbox 615 951 652 974; x_wconf 93' lang='lat' dir='ltr'>ut</span> <span class='ocrx_word' id='word_1_109' title='bbox 678 951 727 974; x_wconf 87' lang='lat' dir='ltr'>est</span> <span class='ocrx_word' id='word_1_110' title='bbox 753 942 993 988; x_wconf 79' lang='lat' dir='ltr'>Aegyptiorum</span> <span class='ocrx_word' id='word_1_111' title='bbox 1018 952 1145 975; x_wconf 86' lang='lat' dir='ltr'>secreta</span> <span class='ocrx_word' id='word_1_112' title='bbox 1169 956 1268 987; x_wconf 83' lang='lat' dir='ltr'>quam</span> <span class='ocrx_word' id='word_1_113' title='bbox 1295 943 1344 976; x_wconf 86' lang='lat' dir='ltr'>di-</span> 
     </span>
     <span class='ocr_line' id='line_1_15' title="bbox 214 1003 1343 1048; baseline -0.002 -9"><span class='ocrx_word' id='word_1_114' title='bbox 214 1016 309 1044; x_wconf 85' lang='lat' dir='ltr'>cunt,</span> <span class='ocrx_word' id='word_1_115' title='bbox 341 1015 374 1037; x_wconf 85' lang='lat' dir='ltr'>et</span> <span class='ocrx_word' id='word_1_116' title='bbox 399 1005 531 1037; x_wconf 87' lang='lat' dir='ltr'>occulta</span> <span class='ocrx_word' id='word_1_117' title='bbox 556 1003 790 1048; x_wconf 70' lang='lat' dir='ltr'>philosophia,</span> <span class='ocrx_word' id='word_1_118' title='bbox 822 1013 856 1036; x_wconf 87' lang='lat' dir='ltr'>et</span> <span class='ocrx_word' id='word_1_119' title='bbox 880 1004 1127 1037; x_wconf 85' lang='lat' dir='ltr'>Chaldaeorum</span> <span class='ocrx_word' id='word_1_120' title='bbox 1152 1004 1343 1047; x_wconf 80' lang='lat' dir='ltr'>astrologia,</span> 
     </span>
     <span class='ocr_line' id='line_1_16' title="bbox 214 1065 1343 1110; baseline -0.002 -9"><span class='ocrx_word' id='word_1_121' title='bbox 214 1079 248 1101; x_wconf 80' lang='lat' dir='ltr'>et</span> <span class='ocrx_word' id='word_1_122' title='bbox 282 1066 486 1110; x_wconf 81' lang='lat' dir='ltr'>lndorum3)</span> <span class='ocrx_word' id='word_1_123' title='bbox 522 1066 562 1097; x_wconf 87' lang='lat' dir='ltr'>de</span> <span class='ocrx_word' id='word_1_124' title='bbox 599 1065 738 1097; x_wconf 83' lang='lat' dir='ltr'>scientia</span> <span class='ocrx_word' id='word_1_125' title='bbox 776 1065 896 1098; x_wconf 76' lang='lat' dir='ltr'>excelsi</span> <span class='ocrx_word' id='word_1_126' title='bbox 927 1065 1183 1110; x_wconf 79' lang='lat' dir='ltr'>pollicentium,</span> <span class='ocrx_word' id='word_1_127' title='bbox 1221 1067 1280 1099; x_wconf 88' lang='lat' dir='ltr'>sed</span> <span class='ocrx_word' id='word_1_128' title='bbox 1311 1076 1343 1099; x_wconf 86' lang='lat' dir='ltr'>et</span> 
     </span>
     <span class='ocr_line' id='line_1_17' title="bbox 214 1126 1343 1171; baseline -0.003 -8"><span class='ocrx_word' id='word_1_129' title='bbox 214 1130 422 1163; x_wconf 84' lang='lat' dir='ltr'>Graecorum</span> <span class='ocrx_word' id='word_1_130' title='bbox 462 1127 639 1171; x_wconf 82' lang='lat' dir='ltr'>multiplex</span> <span class='ocrx_word' id='word_1_131' title='bbox 680 1126 836 1171; x_wconf 78' lang='lat' dir='ltr'>variaque</span> <span class='ocrx_word' id='word_1_132' title='bbox 876 1128 916 1159; x_wconf 89' lang='lat' dir='ltr'>de</span> <span class='ocrx_word' id='word_1_133' title='bbox 957 1128 1131 1160; x_wconf 80' lang='lat' dir='ltr'>divinitate</span> <span class='ocrx_word' id='word_1_134' title='bbox 1169 1128 1343 1161; x_wconf 84' lang='lat' dir='ltr'>sententia.</span> 
     </span>
     <span class='ocr_line' id='line_1_18' title="bbox 214 1189 1347 1235; baseline -0.003 -10"><span class='ocrx_word' id='word_1_135' title='bbox 214 1192 321 1234; x_wconf 83' lang='lat' dir='ltr'>lgitur</span> <span class='ocrx_word' id='word_1_136' title='bbox 352 1190 385 1223; x_wconf 84' lang='lat' dir='ltr'>in</span> <span class='ocrx_word' id='word_1_137' title='bbox 410 1189 592 1233; x_wconf 81' lang='lat' dir='ltr'>Scripturis</span> <span class='ocrx_word' id='word_1_138' title='bbox 623 1189 745 1221; x_wconf 82' lang='lat' dir='ltr'>sanctis</span> <span class='ocrx_word' id='word_1_139' title='bbox 775 1190 962 1221; x_wconf 84' lang='lat' dir='ltr'>invenimus</span> <span class='ocrx_word' id='word_1_140' title='bbox 998 1189 1166 1235; x_wconf 84' lang='lat' dir='ltr'>principes</span> <span class='ocrx_word' id='word_1_141' title='bbox 1191 1203 1261 1222; x_wconf 75' lang='lat' dir='ltr'>esse</span> <span class='ocrx_word' id='word_1_142' title='bbox 1285 1203 1347 1235; x_wconf 89' lang='lat' dir='ltr'>per</span> 
     </span>
     <span class='ocr_line' id='line_1_19' title="bbox 213 1250 1345 1296; baseline -0.002 -10"><span class='ocrx_word' id='word_1_143' title='bbox 213 1254 357 1295; x_wconf 86' lang='lat' dir='ltr'>singulas</span> <span class='ocrx_word' id='word_1_144' title='bbox 381 1261 504 1294; x_wconf 74' lang='lat' dir='ltr'>gentes,</span> <span class='ocrx_word' id='word_1_145' title='bbox 530 1250 616 1282; x_wconf 86' lang='lat' dir='ltr'>sicut</span> <span class='ocrx_word' id='word_1_146' title='bbox 639 1251 671 1282; x_wconf 93' lang='lat' dir='ltr'>iu</span> <span class='ocrx_word' id='word_1_147' title='bbox 691 1250 834 1282; x_wconf 81' lang='lat' dir='ltr'>Daniele</span> <span class='ocrx_word' id='word_1_148' title='bbox 847 1250 880 1295; x_wconf 74' lang='lat'>⁴)</span> <span class='ocrx_word' id='word_1_149' title='bbox 907 1250 1045 1292; x_wconf 88' lang='lat' dir='ltr'>legimus</span> <span class='ocrx_word' id='word_1_150' title='bbox 1070 1251 1258 1296; x_wconf 77' lang='lat' dir='ltr'>principem</span> <span class='ocrx_word' id='word_1_151' title='bbox 1276 1265 1345 1284; x_wconf 76' lang='lat' dir='ltr'>esse</span> 
     </span>
     <span class='ocr_line' id='line_1_20' title="bbox 216 1312 1347 1360; baseline -0.002 -12"><span class='ocrx_word' id='word_1_152' title='bbox 216 1316 382 1360; x_wconf 85' lang='lat' dir='ltr'>quendam</span> <span class='ocrx_word' id='word_1_153' title='bbox 406 1313 498 1355; x_wconf 82' lang='lat' dir='ltr'>regni</span> <span class='ocrx_word' id='word_1_154' title='bbox 523 1313 709 1352; x_wconf 82' lang='lat' dir='ltr'>Persarum,</span> <span class='ocrx_word' id='word_1_155' title='bbox 736 1322 769 1344; x_wconf 91' lang='lat' dir='ltr'>et</span> <span class='ocrx_word' id='word_1_156' title='bbox 792 1312 894 1344; x_wconf 86' lang='lat' dir='ltr'>alium</span> <span class='ocrx_word' id='word_1_157' title='bbox 921 1313 1108 1357; x_wconf 85' lang='lat' dir='ltr'>principem</span> <span class='ocrx_word' id='word_1_158' title='bbox 1132 1314 1226 1355; x_wconf 82' lang='lat' dir='ltr'>regni</span> <span class='ocrx_word' id='word_1_159' title='bbox 1242 1314 1347 1346; x_wconf 84' lang='lat' dir='ltr'>Grae-</span> 
     </span>
     <span class='ocr_line' id='line_1_21' title="bbox 215 1373 1345 1420; baseline -0.001 -11"><span class='ocrx_word' id='word_1_160' title='bbox 215 1390 352 1417; x_wconf 76' lang='lat' dir='ltr'>corum3</span> <span class='ocrx_word' id='word_1_161' title='bbox 382 1375 513 1419; x_wconf 82' lang='lat' dir='ltr'>quos⁵)</span> <span class='ocrx_word' id='word_1_162' title='bbox 538 1387 606 1406; x_wconf 89' lang='lat' dir='ltr'>non</span> <span class='ocrx_word' id='word_1_163' title='bbox 632 1373 784 1406; x_wconf 75' lang='lat' dir='ltr'>homines</span> <span class='ocrx_word' id='word_1_164' title='bbox 810 1387 897 1413; x_wconf 87' lang='lat' dir='ltr'>esse,</span> <span class='ocrx_word' id='word_1_165' title='bbox 928 1376 986 1407; x_wconf 89' lang='lat' dir='ltr'>sed</span> <span class='ocrx_word' id='word_1_166' title='bbox 1013 1375 1151 1408; x_wconf 82' lang='lat' dir='ltr'>virtutes</span> <span class='ocrx_word' id='word_1_167' title='bbox 1175 1376 1345 1420; x_wconf 83' lang='lat' dir='ltr'>quasdam,</span> 
     </span>
     <span class='ocr_line' id='line_1_22' title="bbox 215 1435 1347 1479; baseline 0.001 -9"><span class='ocrx_word' id='word_1_168' title='bbox 215 1438 389 1470; x_wconf 81' lang='lat' dir='ltr'>evidenter</span> <span class='ocrx_word' id='word_1_169' title='bbox 413 1449 451 1468; x_wconf 87' lang='lat' dir='ltr'>ex</span> <span class='ocrx_word' id='word_1_170' title='bbox 477 1435 715 1479; x_wconf 80' lang='lat' dir='ltr'>consequentia</span> <span class='ocrx_word' id='word_1_171' title='bbox 738 1435 843 1479; x_wconf 85' lang='lat' dir='ltr'>ipsius</span> <span class='ocrx_word' id='word_1_172' title='bbox 863 1436 1017 1468; x_wconf 83' lang='lat' dir='ltr'>lectionis</span> <span class='ocrx_word' id='word_1_173' title='bbox 1042 1438 1240 1471; x_wconf 86' lang='lat' dir='ltr'>ostenditur.</span> <span class='ocrx_word' id='word_1_174' title='bbox 1278 1438 1347 1471; x_wconf 80' lang='lat' dir='ltr'>Sed</span> 
     </span>
     <span class='ocr_line' id='line_1_23' title="bbox 215 1496 1346 1543; baseline -0.001 -11"><span class='ocrx_word' id='word_1_175' title='bbox 215 1509 248 1532; x_wconf 85' lang='lat' dir='ltr'>et</span> <span class='ocrx_word' id='word_1_176' title='bbox 286 1500 318 1531; x_wconf 89' lang='lat' dir='ltr'>in</span> <span class='ocrx_word' id='word_1_177' title='bbox 355 1497 581 1540; x_wconf 70' lang='lat' dir='ltr'>Ezechielefi)</span> <span class='ocrx_word' id='word_1_178' title='bbox 623 1496 788 1540; x_wconf 81' lang='lat' dir='ltr'>propheta</span> <span class='ocrx_word' id='word_1_179' title='bbox 826 1496 983 1540; x_wconf 83' lang='lat' dir='ltr'>princeps</span> <span class='ocrx_word' id='word_1_180' title='bbox 1019 1497 1099 1543; x_wconf 69' lang='lat' dir='ltr'>Tyri</span> <span class='ocrx_word' id='word_1_181' title='bbox 1136 1498 1239 1530; x_wconf 86' lang='lat' dir='ltr'>virtus</span> <span class='ocrx_word' id='word_1_182' title='bbox 1278 1512 1346 1531; x_wconf 81' lang='lat' dir='ltr'>esse</span> 
     </span>
     <span class='ocr_line' id='line_1_24' title="bbox 217 1557 1346 1606; baseline -0.002 -12"><span class='ocrx_word' id='word_1_183' title='bbox 217 1562 379 1606; x_wconf 82' lang='lat' dir='ltr'>quaedam</span> <span class='ocrx_word' id='word_1_184' title='bbox 403 1558 586 1604; x_wconf 83' lang='lat' dir='ltr'>spiritualis</span> <span class='ocrx_word' id='word_1_185' title='bbox 610 1557 878 1590; x_wconf 80' lang='lat' dir='ltr'>manifestissime</span> <span class='ocrx_word' id='word_1_186' title='bbox 904 1559 1105 1600; x_wconf 85' lang='lat' dir='ltr'>designatur.</span> <span class='ocrx_word' id='word_1_187' title='bbox 1151 1560 1244 1604; x_wconf 85' lang='lat' dir='ltr'>Hi⁷)</span> <span class='ocrx_word' id='word_1_188' title='bbox 1269 1573 1346 1602; x_wconf 81' lang='lat' dir='ltr'>ergo</span> 
     </span>
     <span class='ocr_line' id='line_1_25' title="bbox 218 1619 1348 1666; baseline -0.002 -11"><span class='ocrx_word' id='word_1_189' title='bbox 218 1632 251 1655; x_wconf 81' lang='lat' dir='ltr'>et</span> <span class='ocrx_word' id='word_1_190' title='bbox 283 1623 339 1654; x_wconf 85' lang='lat' dir='ltr'>alii</span> <span class='ocrx_word' id='word_1_191' title='bbox 372 1620 623 1666; x_wconf 72' lang='lat' dir='ltr'>hujusmodi,‘&#39;)</span> <span class='ocrx_word' id='word_1_192' title='bbox 657 1619 816 1651; x_wconf 78' lang='lat' dir='ltr'>habentes</span> <span class='ocrx_word' id='word_1_193' title='bbox 840 1620 963 1661; x_wconf 87' lang='lat' dir='ltr'>singuli</span> <span class='ocrx_word' id='word_1_194' title='bbox 985 1621 1166 1665; x_wconf 87' lang='lat' dir='ltr'>sapientias</span> <span class='ocrx_word' id='word_1_195' title='bbox 1189 1634 1281 1660; x_wconf 87' lang='lat' dir='ltr'>suas,</span> <span class='ocrx_word' id='word_1_196' title='bbox 1316 1631 1348 1653; x_wconf 86' lang='lat' dir='ltr'>ct</span> 
     </span>
     <span class='ocr_line' id='line_1_26' title="bbox 216 1680 1348 1725; baseline -0.002 -9"><span class='ocrx_word' id='word_1_197' title='bbox 216 1686 424 1716; x_wconf 72' lang='lat' dir='ltr'>adstruentes</span> <span class='ocrx_word' id='word_1_198' title='bbox 449 1684 604 1723; x_wconf 83' lang='lat' dir='ltr'>dogmata</span> <span class='ocrx_word' id='word_1_199' title='bbox 628 1693 695 1718; x_wconf 82' lang='lat' dir='ltr'>sua,</span> <span class='ocrx_word' id='word_1_200' title='bbox 722 1680 894 1725; x_wconf 73' lang='lat' dir='ltr'>variasque</span> <span class='ocrx_word' id='word_1_201' title='bbox 919 1683 1109 1721; x_wconf 79' lang='lat' dir='ltr'>sententias,</span> <span class='ocrx_word' id='word_1_202' title='bbox 1133 1692 1169 1714; x_wconf 90' lang='lat' dir='ltr'>ut</span> <span class='ocrx_word' id='word_1_203' title='bbox 1194 1682 1348 1714; x_wconf 84' lang='lat' dir='ltr'>viderunt</span> 
     </span>
    </p>
   </div>
   <div class='ocr_carea' id='block_1_3' title="bbox 219 1743 1350 1788">
    <p class='ocr_par' dir='ltr' id='par_1_3' title="bbox 219 1743 1350 1788">
     <span class='ocr_line' id='line_1_27' title="bbox 219 1743 1350 1788; baseline -0.001 -11"><span class='ocrx_word' id='word_1_204' title='bbox 219 1746 406 1777; x_wconf 82' lang='lat' dir='ltr'>Dominum</span> <span class='ocrx_word' id='word_1_205' title='bbox 439 1754 471 1777; x_wconf 90' lang='lat' dir='ltr'>et</span> <span class='ocrx_word' id='word_1_206' title='bbox 497 1743 706 1777; x_wconf 71' lang='lat' dir='ltr'>salvatorem</span> <span class='ocrx_word' id='word_1_207' title='bbox 738 1752 889 1775; x_wconf 86' lang='lat' dir='ltr'>nostrum</span> <span class='ocrx_word' id='word_1_208' title='bbox 915 1744 1134 1788; x_wconf 85' lang='lat' dir='ltr'>pollicentem</span> <span class='ocrx_word' id='word_1_209' title='bbox 1160 1753 1191 1776; x_wconf 83' lang='lat' dir='ltr'>ct</span> <span class='ocrx_word' id='word_1_210' title='bbox 1215 1744 1350 1788; x_wconf 87' lang='lat' dir='ltr'>praedi-</span> 
     </span>
    </p>
   </div>
   <div class='ocr_carea' id='block_1_4' title="bbox 312 1855 1346 2069">
    <p class='ocr_par' dir='ltr' id='par_1_4' title="bbox 315 1855 1034 1901">
     <span class='ocr_line' id='line_1_28' title="bbox 315 1855 1034 1901; baseline 0.003 -13"><span class='ocrx_word' id='word_1_211' title='bbox 315 1858 346 1901; x_wconf 81' lang='grc' dir='ltr'>ι)</span> <span class='ocrx_word' id='word_1_212' title='bbox 374 1857 444 1890; x_wconf 84' lang='lat' dir='ltr'>Cfr.</span> <span class='ocrx_word' id='word_1_213' title='bbox 471 1857 523 1890; x_wconf 83' lang='lat' dir='ltr'>ed.</span> <span class='ocrx_word' id='word_1_214' title='bbox 550 1856 680 1899; x_wconf 75' lang='lat' dir='ltr'>Redep.</span> <span class='ocrx_word' id='word_1_215' title='bbox 706 1868 778 1900; x_wconf 85' lang='lat' dir='ltr'>pag.</span> <span class='ocrx_word' id='word_1_216' title='bbox 807 1855 883 1889; x_wconf 77' lang='grc'><strong>290.</strong></span> <span class='ocrx_word' id='word_1_217' title='bbox 907 1866 976 1888; x_wconf 84' lang='lat' dir='ltr'>not.</span> <span class='ocrx_word' id='word_1_218' title='bbox 1000 1856 1034 1890; x_wconf 84' lang='grc'>8.</span> 
     </span>
    </p>

    <p class='ocr_par' dir='ltr' id='par_1_5' title="bbox 314 1911 1282 1959">
     <span class='ocr_line' id='line_1_29' title="bbox 314 1911 1282 1959; baseline -0.003 -13"><span class='ocrx_word' id='word_1_219' title='bbox 314 1916 347 1954; x_wconf 82' lang='lat'>²)</span> <span class='ocrx_word' id='word_1_220' title='bbox 373 1914 478 1945; x_wconf 82' lang='lat' dir='ltr'>Deest</span> <span class='ocrx_word' id='word_1_221' title='bbox 505 1911 642 1957; x_wconf 84' lang='lat' dir='ltr'>»hujus“</span> <span class='ocrx_word' id='word_1_222' title='bbox 669 1911 703 1944; x_wconf 87' lang='lat' dir='ltr'>in</span> <span class='ocrx_word' id='word_1_223' title='bbox 728 1912 804 1944; x_wconf 89' lang='lat' dir='ltr'>edd.</span> <span class='ocrx_word' id='word_1_224' title='bbox 829 1912 877 1944; x_wconf 82' lang='lat' dir='ltr'>M.</span> <span class='ocrx_word' id='word_1_225' title='bbox 1276 1954 1282 1959; x_wconf 73' lang='lat'>.</span> 
     </span>
    </p>

    <p class='ocr_par' dir='ltr' id='par_1_6' title="bbox 312 1967 1346 2069">
     <span class='ocr_line' id='line_1_30' title="bbox 314 1967 1346 2012; baseline -0.002 -10"><span class='ocrx_word' id='word_1_226' title='bbox 314 1973 346 2010; x_wconf 83' lang='lat'>³)</span> <span class='ocrx_word' id='word_1_227' title='bbox 372 1969 428 2002; x_wconf 86' lang='lat' dir='ltr'>Sic</span> <span class='ocrx_word' id='word_1_228' title='bbox 454 1970 534 2002; x_wconf 83' lang='lat' dir='ltr'>Mss.</span> <span class='ocrx_word' id='word_1_229' title='bbox 561 1967 652 2001; x_wconf 75' lang='lat' dir='ltr'>Alias</span> <span class='ocrx_word' id='word_1_230' title='bbox 678 1968 723 2012; x_wconf 79' lang='lat' dir='ltr'>(v.</span> <span class='ocrx_word' id='word_1_231' title='bbox 750 1981 778 1999; x_wconf 89' lang='lat' dir='ltr'>c.</span> <span class='ocrx_word' id='word_1_232' title='bbox 796 1967 828 1999; x_wconf 84' lang='lat' dir='ltr'>in</span> <span class='ocrx_word' id='word_1_233' title='bbox 848 1968 923 2002; x_wconf 80' lang='lat' dir='ltr'>edd.</span> <span class='ocrx_word' id='word_1_234' title='bbox 945 1969 1008 2012; x_wconf 87' lang='lat' dir='ltr'>M.)</span> <span class='ocrx_word' id='word_1_235' title='bbox 1037 1968 1346 2009; x_wconf 76' lang='lat' dir='ltr'>„Judaeorum.“R.</span> 
     </span>
     <span class='ocr_line' id='line_1_31' title="bbox 312 2025 620 2069; baseline -0.006 -11"><span class='ocrx_word' id='word_1_236' title='bbox 312 2027 345 2069; x_wconf 79' lang='lat'>⁴²)</span> <span class='ocrx_word' id='word_1_237' title='bbox 373 2026 441 2058; x_wconf 78' lang='lat' dir='ltr'>Cfr.</span> <span class='ocrx_word' id='word_1_238' title='bbox 467 2025 554 2058; x_wconf 88' lang='lat' dir='ltr'>Dan.</span> <span class='ocrx_word' id='word_1_239' title='bbox 578 2025 620 2056; x_wconf 90' lang='lat' dir='ltr'>X.</span> 
     </span>
    </p>
   </div>
   <div class='ocr_carea' id='block_1_5' title="bbox 222 2080 1349 2170">
    <p class='ocr_par' dir='ltr' id='par_1_7' title="bbox 222 2080 1349 2170">
     <span class='ocr_line' id='line_1_32' title="bbox 315 2080 1349 2124; baseline 0 -11"><span class='ocrx_word' id='word_1_240' title='bbox 315 2083 346 2123; x_wconf 70' lang='grc'>’“)</span> <span class='ocrx_word' id='word_1_241' title='bbox 375 2082 459 2113; x_wconf 89' lang='lat' dir='ltr'>Vide</span> <span class='ocrx_word' id='word_1_242' title='bbox 491 2081 549 2113; x_wconf 87' lang='lat' dir='ltr'>lib.</span> <span class='ocrx_word' id='word_1_243' title='bbox 575 2081 599 2113; x_wconf 85' lang='grc' dir='ltr'>Ι.</span> <span class='ocrx_word' id='word_1_244' title='bbox 631 2082 715 2124; x_wconf 68' lang='grc' dir='ltr'>περὶ</span> <span class='ocrx_word' id='word_1_245' title='bbox 750 2080 872 2124; x_wconf 69' lang='grc' dir='ltr'><em>ἀρχῶν</em></span> <span class='ocrx_word' id='word_1_246' title='bbox 904 2093 974 2124; x_wconf 88' lang='lat' dir='ltr'>cap.</span> <span class='ocrx_word' id='word_1_247' title='bbox 999 2080 1042 2112; x_wconf 81' lang='lat' dir='ltr'>V.</span> <span class='ocrx_word' id='word_1_248' title='bbox 1069 2093 1162 2116; x_wconf 86' lang='lat' dir='ltr'>num.</span> <span class='ocrx_word' id='word_1_249' title='bbox 1193 2081 1226 2115; x_wconf 80' lang='grc'>4.</span> <span class='ocrx_word' id='word_1_250' title='bbox 1263 2090 1295 2113; x_wconf 84' lang='lat' dir='ltr'>et</span> <span class='ocrx_word' id='word_1_251' title='bbox 1319 2082 1349 2114; x_wconf 75' lang='grc'>5.</span> 
     </span>
     <span class='ocr_line' id='line_1_33' title="bbox 222 2125 1128 2170; baseline 0 -12"><span class='ocrx_word' id='word_1_252' title='bbox 222 2127 303 2158; x_wconf 80' lang='lat' dir='ltr'>ltem</span> <span class='ocrx_word' id='word_1_253' title='bbox 331 2126 388 2160; x_wconf 86' lang='lat' dir='ltr'>lib.</span> <span class='ocrx_word' id='word_1_254' title='bbox 416 2126 452 2158; x_wconf 92' lang='lat' dir='ltr'>ll.</span> <span class='ocrx_word' id='word_1_255' title='bbox 479 2125 713 2167; x_wconf 82' lang='lat' dir='ltr'>Origcnianor.</span> <span class='ocrx_word' id='word_1_256' title='bbox 742 2134 866 2170; x_wconf 81' lang='lat' dir='ltr'>quaest.</span> <span class='ocrx_word' id='word_1_257' title='bbox 892 2125 932 2157; x_wconf 88' lang='lat' dir='ltr'>V.</span> <span class='ocrx_word' id='word_1_258' title='bbox 957 2138 1049 2158; x_wconf 88' lang='lat' dir='ltr'>num.</span> <span class='ocrx_word' id='word_1_259' title='bbox 1074 2125 1128 2160; x_wconf 80' lang='grc'>26.</span> 
     </span>
    </p>
   </div>
   <div class='ocr_carea' id='block_1_6' title="bbox 313 2181 735 2225">
    <p class='ocr_par' dir='ltr' id='par_1_8' title="bbox 313 2181 735 2225">
     <span class='ocr_line' id='line_1_34' title="bbox 313 2181 735 2225; baseline 0 -11"><span class='ocrx_word' id='word_1_260' title='bbox 313 2182 346 2225; x_wconf 73' lang='grc' dir='ltr'>ὓ)</span> <span class='ocrx_word' id='word_1_261' title='bbox 372 2181 442 2214; x_wconf 84' lang='lat' dir='ltr'>Csr.</span> <span class='ocrx_word' id='word_1_262' title='bbox 466 2181 586 2214; x_wconf 82' lang='lat' dir='ltr'>Ezech.</span> <span class='ocrx_word' id='word_1_263' title='bbox 613 2182 735 2214; x_wconf 86' lang='lat' dir='ltr'>XXVl.</span> 
     </span>
    </p>
   </div>
   <div class='ocr_carea' id='block_1_7' title="bbox 312 2236 1348 2283">
    <p class='ocr_par' dir='ltr' id='par_1_9' title="bbox 312 2236 1348 2283">
     <span class='ocr_line' id='line_1_35' title="bbox 312 2236 1348 2283; baseline -0.001 -14"><span class='ocrx_word' id='word_1_264' title='bbox 312 2238 343 2277; x_wconf 85' lang='lat'>⁷)</span> <span class='ocrx_word' id='word_1_265' title='bbox 370 2237 454 2269; x_wconf 84' lang='lat' dir='ltr'>Edd.</span> <span class='ocrx_word' id='word_1_266' title='bbox 473 2237 520 2269; x_wconf 82' lang='grc' dir='ltr'>Μ.</span> <span class='ocrx_word' id='word_1_267' title='bbox 541 2237 589 2278; x_wconf 82' lang='lat' dir='ltr'>„li</span> <span class='ocrx_word' id='word_1_268' title='bbox 608 2251 685 2279; x_wconf 81' lang='lat' dir='ltr'>ergo</span> <span class='ocrx_word' id='word_1_269' title='bbox 705 2247 737 2270; x_wconf 78' lang='lat' dir='ltr'>et</span> <span class='ocrx_word' id='word_1_270' title='bbox 755 2237 958 2283; x_wconf 80' lang='lat' dir='ltr'>hujusmodi,</span> <span class='ocrx_word' id='word_1_271' title='bbox 977 2237 1007 2270; x_wconf 84' lang='lat' dir='ltr'>id</span> <span class='ocrx_word' id='word_1_272' title='bbox 1029 2247 1074 2269; x_wconf 80' lang='lat' dir='ltr'>cst</span> <span class='ocrx_word' id='word_1_273' title='bbox 1092 2236 1270 2268; x_wconf 50' lang='lat' dir='ltr'>habenta&amp;</span> <span class='ocrx_word' id='word_1_274' title='bbox 1287 2245 1348 2268; x_wconf 64' lang='lat' dir='ltr'>etv.</span> 
     </span>
    </p>
   </div>
   <div class='ocr_carea' id='block_1_8' title="bbox 323 1818 483 1822">
    <p class='ocr_par' dir='ltr' id='par_1_10' title="bbox 323 1818 483 1822">
     <span class='ocr_line' id='line_1_36' title="bbox 323 1818 483 1822; baseline 0 0"><span class='ocrx_word' id='word_1_275' title='bbox 323 1818 483 1822; x_wconf 95' lang='lat' dir='ltr'> </span> 
     </span>
    </p>
   </div>
   <div class='ocr_carea' id='block_1_9' title="bbox 309 2293 945 2339">
    <p class='ocr_par' dir='ltr' id='par_1_11' title="bbox 309 2293 945 2339">
     <span class='ocr_line' id='line_1_37' title="bbox 309 2293 945 2339; baseline 0 -15"><span class='ocrx_word' id='word_1_276' title='bbox 309 2297 342 2334; x_wconf 58' lang='lat'>⁸)</span> <span class='ocrx_word' id='word_1_277' title='bbox 369 2293 427 2324; x_wconf 81' lang='lat' dir='ltr'>Ed.</span> <span class='ocrx_word' id='word_1_278' title='bbox 456 2293 583 2336; x_wconf 73' lang='lat' dir='ltr'>Puedep.</span> <span class='ocrx_word' id='word_1_279' title='bbox 610 2294 695 2325; x_wconf 79' lang='lat' dir='ltr'>sola·</span> <span class='ocrx_word' id='word_1_280' title='bbox 725 2294 945 2339; x_wconf 47' lang='grc' dir='ltr'>,Ἶιῆιιειηωάἰιι</span> 
     </span>
    </p>
   </div>
  </div>
 </body>
</html>
