1404 2463
373 149 420 172 ΒΕ
445 139 641 172 ancmns
665 139 777 171 Lmen
801 137 860 169 lv.
1128 136 1193 171 447

60 229 207 269 mundo,
245 232 328 273 quae
352 228 454 261 Israel
479 228 712 272 appellantur,
745 235 778 259 et.
807 225 841 258 in
867 225 964 258 coelo
992 225 1106 259 civitas
1131 226 1194 258 ali-

63 302 145 333 qua,
184 303 268 335 quae
291 290 480 323 Jerusalem
512 289 724 328 nominatur,
761 300 968 332 consequens
1000 297 1048 320 est
1071 296 1108 320 ut
1133 288 1193 320 hae

63 349 231 390 civitates,
255 363 340 395 quae
366 351 472 393 gentis
496 350 695 383 israeliticae
721 362 790 382 esse
816 349 991 390 dicuntur,
1016 358 1194 394 metropo-

63 410 108 442 lin
141 412 283 444 habeant
305 412 493 445 Jerusalem
526 412 728 451 coelestem,
766 421 799 444 et
829 411 1014 443 secundum
1045 409 1127 442 haec
1152 411 1194 442 de

64 471 157 504 omni
180 472 268 505 Juda
299 473 584 517 intelligamus,¹)
619 474 660 506 de
695 487 758 518 qua
794 482 950 517 putamus
983 471 1083 504 etiam
1113 484 1195 515 pro-

62 532 178 576 phetas
201 534 350 579 mysticis
375 535 575 580 quibusdam
600 535 848 568 narrationibus
872 536 1017 574 locutos,
1042 546 1116 566 cum
1134 532 1195 565 ali-

62 606 127 638 qua
152 595 205 627 vel
231 596 272 627 de
296 597 483 641 Judaea‚²)
511 597 563 629 vel
589 597 629 629 de
646 597 834 629 Jerusalem
859 596 1115 640 prophetarunt,
1141 594 1195 626 vel

61 654 89 686 si
122 668 206 699 quae
238 666 370 689 sanctae
400 657 558 690 historiae
592 658 648 690 illa
675 659 727 690 vel
752 658 811 690 illa
825 657 858 701 ³)
885 657 1113 690 incursionum
1139 669 1195 698 ge-

63 728 142 748 nera
167 717 328 760 Judaeae,
353 719 408 750 vel
431 719 616 751 Jerusalem
643 719 837 764 praedicant
861 718 1031 751 accidisse.
1081 718 1195 760 Quae-

63 789 195 821 cunque
208 778 241 823 ⁴)
269 792 347 821 ergo
380 780 431 812 vel
462 790 655 821 narrantur,
686 781 738 813 vel
764 780 1010 825 prophetantur
1034 780 1075 811 de
1099 780 1197 811 Jeru-

63 838 186 878 salem,
216 839 244 872 si
269 840 367 873 Pauli
392 842 491 874 verba
515 842 608 886 quasi
635 842 759 875 Christi
783 842 815 874 in
842 854 882 874 eo
908 841 1078 885 loquentis
1102 840 1195 873 audi-

63 899 189 940 vimus,
228 903 412 935 secundum
445 902 646 935 sententiam
678 903 781 947 ipsius
813 903 930 947 utique
963 902 1004 934 de
1029 901 1088 934 illa
1113 900 1196 933 civi-

63 969 141 999 tate,
163 974 263 1006 quam
290 963 371 995 dicit
395 964 581 995 Jerusalem
609 964 805 1007 coelestem,
840 973 872 996 et
898 964 940 996 de
965 962 1119 995 omnibus
1143 962 1197 994 lo-

64 1021 121 1062 cis,
147 1023 199 1054 vel
224 1023 375 1065 urbibus,
411 1037 495 1068 quae
520 1034 628 1057 terrae
653 1034 784 1057 sanctae
809 1025 908 1057 urbes
935 1037 1004 1057 esse
1029 1024 1196 1066 dicuntur,

62 1096 204 1128 quarum
227 1084 414 1117 Jerusalem
444 1085 648 1129 metropolis
681 1095 747 1128 est,
788 1086 877 1118 dicta
910 1098 980 1118 esse
1010 1084 1198 1126 intelligere

63 1145 237 1178 debemus.
283 1146 333 1178 Ex
363 1146 443 1190 ipsis
475 1159 620 1191 namque
645 1147 834 1179 civitatibus
860 1146 959 1179 etiam
985 1147 1197 1180 Salvatorem

63 1208 252 1251 putandum
277 1216 336 1248 est,
361 1208 533 1240 volentem
560 1221 620 1240 nos
645 1209 686 1240 ad
711 1208 867 1241 altiorem
893 1220 1080 1251 provocare
1098 1207 1198 1240 intel-

65 1268 210 1308 lectum,
243 1268 444 1312 promittere
475 1269 541 1309 his,
576 1269 634 1314 qui
665 1270 752 1302 bene
785 1269 997 1302 commissam
1022 1268 1086 1301 sibi
1109 1269 1198 1312 ab5)

67 1341 108 1361 eo
141 1329 319 1374 pecuniam
352 1330 605 1374 dispensarunt,
635 1339 837 1375 potestatem
869 1330 992 1363 habere
1015 1343 1116 1374 supra
1140 1330 1199 1362 de-

66 1402 138 1422 cem
171 1391 338 1432 civitates,
378 1392 433 1423 vel
471 1405 572 1436 supra
610 1391 759 1436 quinque
792 1391 952 1424 civitates.
1000 1390 1083 1434 Sie)
1120 1402 1198 1432 ergo

64 1452 283 1496 prophetiae,
307 1464 391 1498 quae
417 1453 459 1485 de
483 1453 612 1486 Judaea
637 1462 670 1486 et
693 1452 901 1492 Jerusalem,
932 1461 965 1484 et
989 1452 1031 1484 de
1054 1452 1142 1484 Juda
1167 1460 1201 1483 et

66 1512 168 1545 lsrael
199 1522 232 1547 et
256 1514 364 1546 Jacob
395 1514 618 1558 prophetatae
641 1523 735 1554 sunt,
766 1515 847 1546 dum
870 1525 940 1545 non
964 1526 982 1545 a
1006 1512 1103 1544 nobis
1129 1526 1200 1545 ear-

66 1574 188 1607 naliter
210 1574 462 1617 intelliguntur,
486 1575 643 1621 mysteria
668 1576 833 1619 quaedam
859 1573 972 1607 divina
996 1573 1200 1615 significant:

68 1648 275 1680 consequens
298 1636 415 1681 utique
442 1645 490 1669 est
515 1637 615 1669 etiam
639 1635 713 1668 illas
737 1635 943 1680 prophetias,
969 1647 1053 1679 quae
1078 1634 1132 1666 vel
1157 1635 1200 1666 de

69 1698 244 1743 Aegypte,
275 1699 324 1730 vel
358 1698 399 1730 de
424 1697 618 1745 Aegyptiis,
650 1698 703 1729 vel
736 1697 778 1729 de
800 1695 999 1741 Babylonia,
1014 1695 1046 1739 ⁷)
1078 1695 1132 1727 vel
1158 1695 1200 1727 de

66 1758 281 1804 Babyloniis,
313 1768 345 1792 et
369 1759 496 1793 Sidone
521 1772 558 1792 ac
583 1758 734 1792 Sidoniis
758 1758 911 1802 prolatae
934 1766 1028 1798 sunt,
1065 1769 1134 1790 non
1159 1756 1201 1788 de

165 1920 196 1964 ¹)
220 1920 307 1953 Edd.
335 1920 383 1954 M.
411 1921 683 1964 „intelligimus.“

162 1976 197 2018 ²)
222 1976 279 2009 Sic
303 1977 383 2009 Mss.
408 1977 503 2009 Editi
527 1977 575 2021 (v.
603 1989 629 2009 c.
656 1976 732 2008 edd.
757 1975 827 2018 Μ.)
854 1974 999 2015 ‚,Juda.“
1025 1974 1065 2006 R.

161 2031 195 2074 3)
220 2031 308 2063 Edd.
335 2031 383 2064 M.
411 2031 527 2072 „alia.“

166 2085 200 2129 ²)
227 2085 297 2119 Cfr.
322 2087 374 2118 ed.
401 2086 530 2130 Redep.
556 2098 630 2130 pag.
655 2085 733 2120 356.
758 2094 827 2117 not.
850 2084 907 2119 20.

163 2140 196 2184 ⁵)
221 2140 354 2172 Desunt
378 2140 412 2172 in
438 2141 513 2173 edd.
539 2141 587 2174 M.
615 2141 731 2172 verba:
759 2140 821 2181 „ab
847 2142 921 2172 e0.“
949 2159 989 2166 —
1024 2140 1094 2174 Cfr.
1120 2140 1202 2173 Luc.

71 2196 165 2238 ΧῘΧ,
191 2195 243 2230 11.
268 2209 360 2240 seqq.
416 2235 420 2237 ῃ

166 2251 199 2292 ⁶)
228 2251 312 2283 Vide
338 2251 396 2283 lib.
422 2252 463 2284 Il.
491 2251 726 2293 Origenianor.
751 2259 876 2295 quaest.
899 2251 958 2283 Xl.
986 2264 1076 2283 num.
1102 2251 1156 2285 11.

164 2305 196 2350 ⁷)
221 2306 285 2341 Ed.
310 2307 441 2351 Redep.
466 2308 557 2340 sola:
591 2305 801 2352 „Babylonia
828 2315 859 2350 et
884 2305 1113 2352 Babyloniis.“
