1404 2463
195 97 262 131 290
675 96 853 129 ornemus

294 188 322 217 Λ
348 185 470 228 quibus
492 184 604 227 primo
623 185 654 227 ¹)
678 183 744 216 hoc
768 183 985 228 inquirimus:
1018 184 1116 216 Velie
1140 185 1247 222 hona,
1279 184 1341 216 bo-

202 246 332 289 num2)
359 255 425 285 est,
456 252 512 276 aut
537 244 688 278 malum?
725 245 770 277 Et
804 254 994 277 currentem
1026 244 1184 277 festinare
1208 253 1245 276 ut
1268 257 1344 288 per-

203 306 315 339 veniat
340 307 382 338 ad
406 307 508 338 finem
525 306 558 348 ³)
584 305 680 347 boni,
705 319 747 338 an
773 305 941 338 laudabile
966 305 1038 338 est?
1069 305 1106 338 Si
1131 305 1268 349 quidem
1293 305 1344 337 di-

202 367 330 405 zerim,
354 368 447 410 quod
475 366 645 409 culpabile
669 367 728 406 sit,
752 376 869 410 aperte
893 367 1076 399 insanient:
1108 378 1226 398 omues
1253 365 1341 398 enim

201 428 308 460 sancti
335 437 368 460 et
393 428 511 459 volunt
536 428 637 466 bona,
663 437 696 460 et
721 437 860 460 currunt
882 428 924 460 ad
949 429 1050 468 bona,
1075 437 1110 460 et
1132 427 1249 471 utique
1274 427 1343 459 cul-

202 489 331 533 pabiles
363 501 433 520 non
465 497 551 520 sunt.
600 487 789 531 Quomodo
816 500 895 529 ergo
921 488 994 531 si⁴)
1019 488 1066 528 is,
1106 489 1163 533 qui
1188 500 1258 520 non
1280 489 1344 521 sal-

205 559 319 589 vatur,
352 550 461 581 malae
486 558 622 581 naturae
649 558 717 588 est,
753 550 823 581 vult
846 550 958 590 bona,
994 559 1026 581 ct
1051 550 1156 582 currit
1179 550 1219 581 ad
1244 550 1344 586 bona,

203 611 261 643 sed
288 623 356 642 non
381 610 510 642 invenit
532 609 645 642 bona?
681 610 785 642 Aiunt
809 610 911 649 enim,
937 611 1060 655 quia⁵)
1085 611 1232 655 arbor-⁶)
1256 610 1343 642 mala

206 672 336 704 fructus
361 671 472 702 bonos
496 683 565 703 non
590 672 706 703 affert:
739 672 849 703 bonus
881 672 1004 704 etenim
1030 673 1160 704 fructus
1184 681 1234 704 est
1257 672 1345 704 velle

202 733 303 765 bona.
350 732 395 764 Et
434 732 611 775 quomodo
651 732 758 763 malae
796 731 925 763 arboris
961 733 1091 765 fructus
1131 743 1182 764 est
1211 732 1345 765 bonus?

203 792 308 836 Quod
334 793 361 824 si
386 792 543 831 dixerint,
569 791 695 835 quia⁷)
722 792 872 824 medium
900 802 948 825 est
974 793 1060 825 velle
1086 795 1185 832 bona,
1211 803 1242 826 ct
1269 806 1343 826 cur-

202 866 275 885 rere
300 854 342 885 ad
367 854 474 892 bona,
499 853 534 884 id
561 861 609 884 est
633 865 743 896 neque
768 854 916 892 bonum,
939 867 1049 897 neque
1075 854 1222 894 malum,
1254 854 1345 886 dice-

202 927 275 945 mus
300 915 341 945 nd
367 926 442 945 eos:
479 913 516 946 Si
548 912 698 944 medium
725 922 773 944 est
798 914 885 946 velle
910 915 1057 958 bona‚'')
1084 924 1117 946 et
1142 927 1277 946 currere
1303 915 1342 947 ad

200 976 308 1013 bona,
334 987 413 1015 ergo
440 983 473 1006 et
500 974 553 1013 id,
580 973 672 1017 quod
697 973 746 1006 his
773 975 977 1007 contrarium
1003 985 1068 1015 est,
1093 975 1244 1007 medium
1269 975 1345 1017 erit,

204 1036 235 1067 id
271 1045 319 1068 cst
352 1035 440 1067 velle
472 1034 577 1075 mala,
616 1044 649 1066 et
680 1047 814 1067 currere
840 1036 880 1067 ad
905 1037 1011 1077 mala;
1047 1037 1105 1068 scd
1131 1046 1258 1069 certum
1285 1046 1345 1075 est,

203 1097 279 1140 quia
293 1096 326 1139 ⁹)
353 1109 420 1127 non
453 1096 495 1127 sit
525 1096 675 1128 medium
708 1096 794 1127 velie
821 1097 924 1136 mala,
965 1106 997 1128 et
1021 1110 1156 1129 currere
1181 1099 1222 1130 ad
1247 1098 1345 1136 mala,

203 1158 260 1189 sed
287 1167 402 1200 aperte
428 1157 556 1188 malum
583 1166 648 1188 est:
675 1165 806 1188 constat
827 1169 920 1198 ergo,
944 1157 1020 1201 quia
1036 1158 1089 1200 ¹⁰)
1114 1171 1181 1190 non
1207 1167 1256 1190 est
1276 1171 1346 1191 nne-

204 1219 298 1249 dium
325 1218 413 1249 velle
438 1218 538 1257 bona,
565 1226 598 1249 et
614 1220 618 1235 ¹
635 1218 664 1261 ¹)
692 1230 827 1249 currere
852 1219 893 1250 ad
919 1219 1020 1259 bona,
1045 1220 1103 1251 sed
1129 1220 1270 1252 bonum.

294 1278 355 1310 His
388 1291 467 1319 ergo
500 1277 558 1310 tali
584 1278 803 1322 responsione
829 1279 996 1323 depulsis,
1026 1280 1065 1311 ad
1082 1280 1135 1324 ¹²)
1162 1280 1346 1324 expositio-

202 1351 280 1370 nem
328 1339 393 1382 jain
437 1340 641 1382 quaestionis
681 1339 785 1383 ipsius
825 1352 1066 1383 properemus,
1114 1342 1148 1373 in
1185 1354 1249 1386 qua
1285 1342 1348 1374 ait:

297 1489 328 1530 ¹)
355 1487 411 1520 Sic
438 1488 520 1520 Mss.
546 1487 636 1519 Libri
664 1487 744 1518 editi
771 1487 818 1530 (v,
844 1500 870 1520 c.
897 1488 971 1519 edd,
993 1487 1058 1531 Μ.)
1086 1489 1217 1532 »primo
1244 1502 1345 1534 quae-

202 1532 286 1564 ritur
311 1532 396 1564 hoc:
421 1532 530 1563 νεΙΙοιι
558 1541 620 1563 etc.
649 1532 687 1564 R.

294 1584 328 1629 2)
354 1587 418 1619 Ed.
447 1586 496 1620 M.
523 1588 548 1620 I.
576 1595 654 1627 „aut
677 1587 807 1618 bonum
833 1595 892 1627 est,
919 1596 976 1619 aut
999 1587 1180 1621 malum?“
1206 1587 1270 1621 Ed.
1297 1589 1345 1623 M.

206 1631 243 1663 ΙΙ.
273 1631 420 1662 »bonum
447 1640 506 1671 est,
531 1644 571 1663 an
596 1630 772 1663 malum?“

298 1687 333 1729 3)
358 1686 415 1718 Sic
442 1687 521 1718 Mss.
548 1685 683 1730 (itemq.
709 1687 760 1718 cd.
789 1687 838 1718 M.
859 1687 896 1730 Ι.)
922 1686 1015 1718 Editi
1043 1688 1087 1730 (v,
1107 1700 1132 1719 c.
1151 1688 1205 1721 ed.
1221 1688 1270 1720 M.
1284 1687 1344 1732 ll.)

201 1730 306 1762 male:
333 1731 487 1762 »sideru«
515 1731 556 1763 R.
661 1731 695 1774 ⁴)
719 1730 807 1766 Edd.
833 1732 881 1763 M.
909 1731 956 1763 »si
980 1744 1051 1764 non
1074 1731 1254 1765 salvatur.“

297 1788 330 1828 5)
356 1786 420 1818 Ed.
447 1786 495 1818 M.
522 1786 563 1818 ΙΙ.
592 1786 738 1829 »quod.“

296 1842 330 1883 ὅ)
356 1840 413 1873 Sic
437 1841 518 1873 Mss.
542 1840 637 1872 Libri
669 1841 752 1872 editi
780 1842 829 1885 (v.
857 1854 883 1874 c.
910 1842 986 1874 edd.
1012 1842 1078 1885 Μ.)
1111 1843 1234 1883 „arbor
1257 1843 1346 1875 hona

200 1885 327 1917 fructus
351 1885 460 1917 malos
483 1898 553 1917 non
577 1885 709 1918 affert.«
736 1886 776 1918 R.

297 1939 329 1983 7)
354 1940 417 1972 Ed.
445 1940 493 1976 M,
520 1941 563 1972 II.
590 1940 738 1983 „quod.“

300 1994 335 2036 ⁸)
360 1994 418 2027 Sic
442 1995 523 2028 Mss.
550 1995 642 2027 Alias
667 1997 714 2039 (v.
742 2008 769 2028 c.
795 1995 828 2027 in
855 1996 932 2028 edd.
958 1996 1024 2040 M.)
1053 1997 1232 2030 »bonum.⁴‹
1259 1998 1299 2030 R.

299 2048 334 2091 9)
359 2049 424 2081 Ed.
451 2047 499 2082 M.
528 2051 572 2084 11.
603 2050 746 2094 »quod.«
849 2051 903 2095 ¹⁰)
929 2051 992 2083 Ed.
1019 2052 1065 2084 Μ.
1091 2053 1132 2085 ΙΙ.
1159 2053 1306 2096 „qu0d.“

214 2146 221 2151 ⁵
278 2103 330 2145 ¹¹)
357 2103 489 2135 Omissa
514 2113 590 2136 sum
615 2105 648 2135 in
675 2104 767 2136 libris
793 2115 887 2137 antea
915 2106 1011 2138 editis
1037 2108 1083 2149 (v.
1110 2121 1136 2139 c.
1163 2108 1240 2141 cdd.
1268 2108 1344 2150 M),

201 2147 280 2177 hcet
315 2147 500 2179 habeamur
530 2148 564 2180 in
599 2150 755 2181 omnibus
780 2150 861 2182 Mss.
899 2152 1018 2183 verba:
1058 2161 1110 2183 »ot
1144 2164 1276 2183 currere
1302 2153 1342 2183 ad

196 2192 316 2222 boum«
347 2192 384 2225 R.

270 2245 323 2288 ¹²)
345 2245 404 2278 Ed.
431 2245 478 2279 M.
506 2247 528 2277 l.
555 2248 663 2279 male:
696 2249 757 2280 »ad
784 2261 821 2280 ex
847 2258 879 2280 ct
905 2249 1142 2292 positionem.«
