1404 2463
0 1495 38 1536 ὡς»

391 92 434 113 1)ss
465 81 661 115 PmNcu’ns
689 83 796 114 Lmen
827 83 883 116 ΙΗ.
1150 83 1216 116 355

77 169 190 212 quc¹)
227 170 362 213 humani
400 170 528 211 generis
561 169 652 201 Patri
692 170 813 203 offerat
838 171 1010 214 *institut-⁶0,
1068 172 1102 203 si
1137 184 1213 212 ergo

75 231 164 261 bona
197 240 229 262 et
261 230 413 263 salutaris
448 229 613 273 accipitur
643 230 705 262 ista
737 231 919 275 subjecti0‚
960 244 1022 274 qua
1047 230 1215 275 subjectus

77 303 146 323 esse
179 291 302 323 dicitur
326 292 433 324 Filius
460 291 568 330 Pau-i,
602 291 698 323 valde
730 304 937 336 consequens
970 301 1002 322 et
1034 292 1214 324 cohaerens

77 361 136 391 est,
159 362 196 384 ut
222 354 300 396 et2)
326 351 554 390 inimicorum,
579 363 664 395 quae
690 351 813 383 dicitur
839 352 928 384 Filio
947 352 1013 383 Dei
1041 365 1110 384 esse
1135 344 1211 385 sub—

76 411 196 455 jectio,
231 413 383 445 salutaris
415 413 578 457 quaedam
612 411 819 453 intelligatur
850 421 882 444 et
913 412 1022 444 utilis:
1063 422 1099 444 ut
1129 413 1214 446 sicut

77 486 153 505 cum
197 473 320 506 dicitur
351 473 458 505 Filius
492 473 585 505 Patri
622 472 810 516 subjectus,
851 474 1000 517 perfecta
1041 474 1214 507 universae

77 543 247 567 creaturae
271 534 438 567 restitutio
465 534 671 571 declaratur,
704 533 749 564 ita
776 547 850 564 cum
877 534 967 565 Filio
994 534 1059 566 Dei
1085 534 1214 567 inimici

77 595 236 628 dicuntur
266 607 335 627 esse
359 594 521 639 subjecti,
556 594 786 638 subjectorum
812 593 899 625 salus
924 594 955 625 in
984 607 1024 626 eo
1050 595 1214 636 intelliga-

78 664 141 693 tur,
167 664 200 686 et
223 655 390 698 reparatio
418 655 641 699 perditorum.

161 714 192 749 8.
241 715 369 747 Verum
393 717 492 748 certis
519 717 707 760 quibusque
733 724 762 746 et
791 715 918 754 modis,
958 724 990 747 et
1015 715 1214 759 disciplinis,

77 783 110 806 et
134 775 346 819 temporibus
371 776 538 822 subjectio
564 777 624 809 ista
652 776 899 820 complebitur:
924 789 992 808 non
1018 776 1213 808 necessitate

75 835 186 880 aliqua
209 837 251 868 ad
275 836 521 881 subjectionem
548 846 699 878 cogente,
734 849 776 868 ne
800 850 862 880 per
889 838 954 868 vim
980 838 1133 869 subditus
1159 837 1213 868 liat

76 897 186 929 omnis
210 898 354 929 mundus
381 899 473 938 Deo,
498 900 556 931 sed
584 899 704 936 verbo,
730 898 870 937 ratione,
895 898 1064 939 doctrina,
1089 910 1214 941 provo-

76 957 206 990 catione
231 959 432 998 meliorum,
465 959 731 991 institutionibus
757 959 910 1002 optimis,
943 958 1215 991 comminationi-

75 1020 137 1051 bus
170 1033 307 1064 quoque
339 1021 447 1061 dignis
479 1030 511 1052 et
545 1021 834 1064 competentibus,
875 1032 957 1063 quae
991 1019 1073 1063 {uste
1106 1019 1214 1051 immi-

77 1090 177 1113 neant
201 1081 309 1125 his‚³)
337 1082 393 1125 qui
415 1081 528 1112 salutis
556 1092 586 1112 et
612 1081 764 1113 utilitatis
789 1093 865 1112 suae
894 1093 1006 1112 curam
1025 1081 1214 1113 sanitatem-

79 1155 143 1185 que
169 1152 399 1174 contemnunt.
450 1142 606 1186 Denique
632 1151 665 1174 et
689 1156 750 1174 nos
775 1142 938 1180 homines,
968 1156 1043 1174 cum
1070 1143 1121 1174 vel
1147 1156 1214 1175 ser-

79 1216 148 1241 vos,
174 1204 224 1234 vel
251 1202 339 1234 filios
365 1203 548 1240 erudimus,
573 1204 652 1234 dum
666 1203 700 1245 4)
726 1203 833 1235 adhuc
859 1216 920 1247 per
945 1212 1086 1235 aetatem
1113 1203 1215 1235 ratiu-

75 1262 125 1294 nis
157 1263 331 1307 incapaces
363 1273 456 1303 sunt,
490 1263 587 1295 minis
622 1276 678 1296 eos
712 1273 744 1295 et
768 1273 860 1295 metu
886 1277 1099 1304 coercemu53
1140 1277 1215 1295 <unz

77 1337 158 1355 vero
184 1324 277 1363 boni,
302 1324 412 1364 utilis,
444 1334 476 1357 et
500 1324 630 1356 bonesti
655 1324 911 1365 intelligentiam
940 1324 1108 1368 ceperint,
1145 1333 1214 1356 tum

78 1384 142 1430 jam
174 1394 323 1417 cessante
358 1387 534 1418 verberum
566 1395 677 1424 metu,
716 1386 865 1428 verb0⁵)
898 1398 935 1417 ac
966 1385 1097 1417 ratione
1130 1387 1215 1417 suasi

77 1447 119 1478 ad
147 1445 277 1486 omnia,
311 1459 395 1490 quae
427 1448 515 1478 bona
541 1455 634 1486 sunt,
668 1446 893 1490 acquiescunt.
944 1446 1134 1489 Quomodo
1161 1459 1216 1478 au·

78 1516 145 1539 tem
181 1516 308 1539 servata
342 1507 374 1540 in
408 1507 565 1539 omnibus
604 1507 859 1539 rationabilibus
897 1507 1056 1539 creaturis
1088 1507 1216 1539 arbitrii

78 1568 233 1601 libertate
259 1568 487 1613 unusquisque
513 1569 635 1600 debeat
660 1568 857 1612 dispensari,
882 1568 916 1600 id
937 1577 994 1607 cst,
1022 1581 1105 1612 quos
1127 1569 1214 1600 velut

81 1629 147 1673 jam
178 1638 314 1673 paratos
347 1639 379 1661 et
412 1642 549 1674 capaces
580 1642 691 1661 sermo
720 1629 786 1661 Dei
812 1638 844 1661 et
869 1628 1032 1669 inveniat,
1070 1639 1102 1661 ct
1127 1629 1218 1661 insti-

80 1699 172 1730 tuat,
197 1703 282 1734 quos
307 1700 417 1722 autem
442 1690 576 1722 interim
602 1690 758 1728 differat,
791 1703 807 1722 a
833 1690 954 1734 quibus
979 1702 1059 1722 vcro
1086 1689 1218 1734 penitus

82 1751 290 1790 occultetur,
323 1761 354 1784 et
385 1752 483 1793 longe
498 1752 531 1794 ⁶)
565 1764 681 1783 eorum
714 1765 731 1783 a
763 1764 797 1783 se
830 1751 902 1783 fieri
929 1750 1098 1794 dispenset
1124 1750 1218 1782 audi-

179 1891 209 1932 ')
236 1890 282 1922 lta
298 1890 380 1924 Mss.
398 1889 491 1921 Editi
511 1899 622 1921 autem
639 1891 687 1933 (ν.
708 1902 734 1921 c.
753 1890 827 1921 edd.
846 1890 911 1931 M.)
929 1892 1166 1933 „pai-maque.“
1181 1889 1217 1921 Ρι.

176 1947 210 1989 ²)
238 1945 343 1977 Deest
369 1948 444 1985 „et“
470 1944 504 1976 in
530 1945 606 1976 edd.
635 1945 682 1977 M.
711 1965 749 1969 —-
778 1944 864 1976 Vide
889 1944 948 1978 lib.
974 1945 1017 1976 ll.
1043 1944 1218 1985 Origenia-

82 2003 155 2022 nor.
183 1999 309 2034 quaest.
332 1989 394 2023 Xl.
421 2002 513 2022 num.
540 1990 593 2024 16.
697 1990 731 2032 ³)
759 1989 819 2021 Ed.
847 1990 892 2021 M.
922 1990 962 2023 ll.
990 1990 1083 2031 „iis.“

176 2046 210 2088 ¹²)
236 2044 328 2077 Alias
355 2046 402 2088 (v.
429 2057 456 2076 c.
481 2045 515 2076 in
542 2045 617 2076 edd.
637 2045 702 2086 M.)
729 2045 830 2084 „dum
855 2044 963 2076 adbuc
989 2043 1135 2075 veritatis
1160 2055 1221 2087 per

81 2094 245 2122 aetatem“
273 2098 336 2122 etc.
385 2090 453 2121 Sed
485 2089 519 2120 in
545 2089 624 2122 Mss.
651 2090 744 2121 deest
780 2088 998 2129 ‚,veritatis;“
1036 2101 1135 2133 quam
1162 2101 1220 2119 vo-

83 2148 155 2167 cem
181 2144 301 2178 utpote
327 2134 380 2165 hic
405 2134 652 2166 redundantem
679 2133 864 2166 omisimus.
892 2134 931 2165 R.

175 2191 208 2233 ⁵)
233 2190 288 2223 Sic
314 2190 394 2224 Mss.
421 2189 510 2221 Alias
545 2191 592 2232 (v.
619 2202 646 2221 c.
672 2189 704 2221 in
732 2189 808 2221 edd.
834 2189 900 2233 Nl.)
937 2190 1062 2229 „verbo
1103 2201 1140 2220 ac
1173 2201 1220 2220 ra-

83 2235 176 2267 tione
203 2248 261 2268 sua
287 2235 326 2266 ad
354 2234 485 2266 omnia«
515 2243 576 2266 etc.
603 2235 642 2266 R.
740 2235 775 2277 ὅ)
801 2234 871 2266 Csr.
897 2234 998 2268 Prov.
1024 2234 1098 2272 XV,
1123 2234 1176 2266 29.

878 2294 951 2328 23*
