1404 2463
408 154 455 176 DE
480 143 673 177 Pamcmus
697 145 808 178 Lama
834 145 859 179 Ι.
1153 144 1197 179 53

70 241 141 265 tum
165 243 275 266 autem
300 234 340 267 ad
364 246 435 273 nos,
460 234 579 278 quibus
603 228 730 266 re‘velat
746 233 891 272 Patrem,
915 231 1024 274 imago
1051 242 1110 273 cst,
1132 247 1193 277 per

70 308 169 338 quam
195 294 424 337 cognoscimus
448 294 602 334 Patrem,
633 308 732 339 quem
763 307 864 327 nemo
896 293 979 326 alius
1009 293 1104 325 novit
1128 294 1190 325 nisi

66 355 193 396 Filius,
235 365 267 388 et
297 355 349 388 cui
382 355 526 388 voluerit
559 355 668 389 Filius
695 357 855 389 revelare.
907 354 1050 387 Revelat
1080 365 1191 387 autem

67 430 128 461 per
152 418 227 457 boc,
251 418 344 463 quod
367 417 438 462 ipse
462 416 670 459 intelligitur.
717 420 746 451 A
781 431 848 462 quo
880 416 952 460 ipse
976 416 1065 448 enim
1090 416 1192 448 fucrit

66 477 267 522 intellectus,
291 487 532 523 consequenter
553 478 797 522 intelligitur¹)
823 486 857 510 et
872 478 983 517 Pater,
1007 479 1191 510 secundum

67 539 131 572 hoc
155 541 246 584 quod
269 540 340 584 ipse
365 539 464 572 dixit:
498 539 634 585 „Qui²)
658 552 713 572 me
737 539 831 579 vidit,
857 539 940 572 vidit
963 549 997 572 et
1021 539 1190 573 Patrem.“

154 601 184 635 7.
231 602 299 635 Sed
323 601 483 646 quoniam
499 614 688 634 sermonem
706 601 803 634 Pauli
822 601 1021 633 inseruimus
1037 601 1077 633 de
1096 600 1191 634 Chri-

65 672 118 695 sto
143 662 295 703 dicentis,
320 663 354 696 in
381 676 421 695 eo
446 664 537 707 quod
563 662 618 703 ait,
644 664 719 708 quia
745 663 971 707 „splendor³)
998 672 1045 694 est
1065 662 1191 704 gloriae

67 724 144 764 Dei,
169 733 201 756 et
223 724 327 766 figura
352 737 504 769 expressa
527 724 729 758 substantiae
761 723 876 770 ejus:“
909 724 989 768 quid
1015 735 1056 757 ex
1068 724 1101 768 ⁴)
1126 724 1191 756 hoc

64 785 274 818 sentiendum
303 785 346 818 sit
375 785 557 820 videamus.
607 786 773 829 „Deus⁵)
804 785 859 817 lux
884 789 981 827 est‚“
1005 786 1191 818 secundum

64 846 240 879 Joannem.
287 847 459 891 Splendor
489 861 566 890 ergo
600 848 698 892 hujus
730 847 814 880 lucis
845 857 893 880 est
923 847 1111 890 unigenitus
1135 847 1192 879 Fi—

65 908 140 948 lius,
166 921 204 940 ex
226 910 300 952 ipso
325 909 592 953 inseparabiliter
616 909 707 942 velut
720 910 753 954 θ)
778 909 940 954 splendor
956 923 993 942 ex
1012 910 1086 942 luce
1111 922 1192 953 pro-

63 970 201 1012 cedens,
234 979 268 1003 et
297 970 490 1003 illuminans
524 971 711 1003 universam
748 981 944 1005 creaturam.
996 971 1192 1005 Secundum

64 1032 194 1075 haec7)
215 1044 379 1076 namque,
411 1045 495 1076 quae
508 1032 542 1076 Θ)
571 1033 724 1076 superius
751 1032 983 1077 exposuimus,
1015 1033 1191 1077 quomodo

64 1093 114 1126 via
137 1093 197 1134 sit,
221 1103 254 1126 et
278 1094 377 1126 ducat
401 1094 443 1126 ad
467 1093 621 1134 Patrem,
652 1103 686 1126 et
710 1095 886 1137 quomodo
912 1095 1050 1126 verbum
1074 1094 1116 1126 sit
1141 1107 1193 1126 ar-

65 1169 146 1188 cana
169 1155 350 1200 sapientiae
373 1168 411 1187 ac
435 1154 593 1188 scientiae
617 1154 773 1200 mysteria
797 1155 1028 1200 interpretans,
1051 1169 1088 1188 ac
1112 1169 1192 1200 pro-

66 1218 176 1250 ferens
199 1216 391 1249 rationabili
416 1226 598 1256 creaturae,
623 1217 798 1260 quomodo
816 1216 915 1249 etiam
935 1217 1053 1250 veritas
1072 1227 1105 1249 et
1127 1217 1191 1249 vita

67 1288 117 1311 cst
141 1287 174 1311 et
196 1277 417 1319 resurrectio;
444 1286 687 1322 consequenter
703 1277 888 1319 intelligere
906 1279 1068 1311 debemus
1092 1282 1192 1312 etiarn

66 1339 254 1384 splendoris
280 1352 383 1383 opus:
408 1352 469 1383 per
492 1339 709 1383 splendorem
732 1339 940 1383 namque,⁹)
967 1340 1048 1383 quid
1072 1340 1114 1372 sit
1138 1341 1192 1372 lux

64 1401 154 1446 ipsa,
183 1401 380 1443 intelligitur
410 1411 443 1433 et
472 1401 622 1434 sentitur.
670 1399 740 1443 Qui
770 1401 934 1444 splendor
963 1401 1135 1443 fragilibus
1159 1416 1193 1434 se

67 1472 99 1496 ct
122 1463 263 1495 infirmis
286 1462 480 1495 mortalium
517 1462 625 1495 oculis
649 1461 814 1506 placidius
838 1476 875 1495 ac
901 1463 1008 1496 lenius
1033 1465 1193 1503 offerens,

69 1536 101 1558 et
131 1525 293 1570 paulatim
326 1524 419 1556 velut
448 1524 593 1556 edocens
625 1533 658 1556 et
687 1525 977 1570 assuefaciensffl)
1008 1525 1194 1558 claritatem

70 1659 117 1691 ibi
141 1659 259 1690 haecce
284 1659 400 1690 verba:
435 1657 630 1702 Γενόμενοι
661 1665 787 1694 τοίνυν
824 1659 926 1702 ἡμεῖς
956 1673 1019 1692 κατ
1056 1658 1191 1700 εἰκόνα,

70 1704 132 1738 τὸν
159 1703 237 1736 υἱὸν
245 1701 499 1759 πρωτότυπον
523 1704 571 1743 ὠς
593 1703 768 1764 (ἰλέήθειαν
788 1707 920 1758 ἔχομεν
944 1707 1016 1738 τῶν
1041 1706 1080 1738 ἐν
1106 1709 1193 1747 ηιιῐι

70 1751 191 1783 καλῶν
214 1747 349 1782 τύπων.
396 1748 514 1788 Αὐτὸς
537 1750 577 1784 δὲ
603 1749 620 1784 ὁ
639 1750 722 1792 υἱὸς,
750 1749 839 1796 ὅπερ
859 1748 959 1806 ἡμῗΐς
978 1751 1088 1795 {oum
1103 1748 1192 1793 πηὸς

72 1792 192 1835 αιτὸν,
218 1793 375 1830 τοιοῦτός
402 1795 472 1827 ἐστι
499 1808 589 1839 πους
605 1795 829 1838 remmam«,
855 1794 1031 1838 (distentu
1055 1793 1192 1838 τιγχιῖ-

71 1852 189 1874 νονια.
285 1840 314 1881 ¹)
339 1827 786 1882 Edd.M.„intellige1u1-.“

162 1895 196 1933 ²)
223 1894 283 1925 Ev.
307 1894 429 1927 Joann.
452 1896 551 1935 xlv,
575 1896 606 1929 9.
632 1917 671 1920 —
704 1897 790 1928 Edd.
819 1898 866 1928 Μ.
900 1896 988 1939 „Qui
1015 1908 1067 1927 me
1094 1896 1194 1932 videt,

70 1940 188 1972 videt⁴⁸
215 1948 278 1971 cle.
373 1940 407 1983 3)
434 1940 535 1972 Hubr.
562 1943 593 1980 l,
617 1941 647 1976 3.
745 1942 778 1985 ⁴)
802 1943 934 1974 Januar.
964 1943 1025 1982 „de
1052 1943 1147 1973 hocf*

163 1996 194 2038 ⁵)
221 1996 235 2027 Ι
260 1996 380 2027 Joaun.
406 1996 430 2034 l,
454 1997 483 2029 5

71 2099 89 2130 d
148 2051 269 2128 aafi)ssh¹
302 2051 379 2083 Mss.
418 2050 508 2082 Alias
541 2053 587 2096 (ν.
620 2068 645 2085 c.
678 2053 710 2085 iu
737 2055 812 2086 edd
838 2055 902 2098 M.)
940 2063 994 2093 „et
1027 2062 1062 2084 ut
1085 2052 1195 2096 splen-

95 2111 142 2129 υι.

165 2152 198 2195 7)
222 2152 355 2184 Jnnuar.
380 2152 493 2196 itemq.
521 2154 570 2185 cd.
595 2154 644 2188 M.
668 2155 696 2189 Ι.
724 2156 810 2197 „hoc
834 2160 1007 2200 namque.⁴¹

163 2208 196 2250 θ)
222 2207 326 2239 Deest
349 2209 437 2252 apud
461 2209 595 2243 Januar.
620 2215 754 2254 „quae.“

166 2264 199 2308 ⁹)
224 2264 309 2297 Edd.
335 2265 383 2297 M.
410 2278 572 2310 „namque
598 2267 695 2299 ctiam
721 2268 821 2312 quid“
849 2278 909 2301 cte.

150 2320 201 2362 ¹⁰)
226 2320 312 2355 Edd.
338 2321 384 2354 Μ.
414 2327 652 2364 „assuescens.“
850 2314 854 2318 -
