<?xml version="1.0" encoding="UTF-8"?>
<!DOCTYPE html PUBLIC "-//W3C//DTD XHTML 1.0 Transitional//EN"
    "http://www.w3.org/TR/xhtml1/DTD/xhtml1-transitional.dtd">
<html xmlns="http://www.w3.org/1999/xhtml" xml:lang="en" lang="en">
 <head>
  <title>
</title>
<meta http-equiv="Content-Type" content="text/html;charset=utf-8" />
  <meta name='ocr-system' content='tesseract 3.04.00' />
  <meta name='ocr-capabilities' content='ocr_page ocr_carea ocr_par ocr_line ocrx_word'/>
</head>
<body>
  <div class='ocr_page' id='page_1' title='image "./operaomniaquaegr21orig/operaomniaquaegr21orig_0378.png"; bbox 0 0 1404 2463; ppageno 0'>
   <div class='ocr_carea' id='block_1_1' title="bbox 147 99 804 134">
    <p class='ocr_par' dir='ltr' id='par_1_1' title="bbox 147 99 804 134">
     <span class='ocr_line' id='line_1_1' title="bbox 147 99 804 134; baseline -0.003 -1"><span class='ocrx_word' id='word_1_1' title='bbox 147 99 211 134; x_wconf 74' lang='lat'>364</span> <span class='ocrx_word' id='word_1_2' title='bbox 625 99 804 133; x_wconf 72' lang='lat' dir='ltr'>Omeems</span> 
     </span>
    </p>
   </div>
   <div class='ocr_carea' id='block_1_2' title="bbox 143 188 1294 1642">
    <p class='ocr_par' dir='ltr' id='par_1_2' title="bbox 143 188 1294 1213">
     <span class='ocr_line' id='line_1_2' title="bbox 147 188 1292 233; baseline 0.002 -14"><span class='ocrx_word' id='word_1_3' title='bbox 147 189 240 220; x_wconf 75' lang='lat' dir='ltr'>tione</span> <span class='ocrx_word' id='word_1_4' title='bbox 267 188 389 232; x_wconf 75' lang='lat' dir='ltr'>conjici</span> <span class='ocrx_word' id='word_1_5' title='bbox 408 189 438 232; x_wconf 88' lang='lat'>¹)</span> <span class='ocrx_word' id='word_1_6' title='bbox 464 197 592 232; x_wconf 78' lang='lat' dir='ltr'>potest,</span> <span class='ocrx_word' id='word_1_7' title='bbox 630 198 772 232; x_wconf 78' lang='lat' dir='ltr'>quantus</span> <span class='ocrx_word' id='word_1_8' title='bbox 798 189 921 230; x_wconf 64' lang='lat' dir='ltr'>decor,</span> <span class='ocrx_word' id='word_1_9' title='bbox 953 198 1094 232; x_wconf 82' lang='lat' dir='ltr'>quantus</span> <span class='ocrx_word' id='word_1_10' title='bbox 1119 189 1292 233; x_wconf 75' lang='lat' dir='ltr'><strong>splendor,</strong></span> 
     </span>
     <span class='ocr_line' id='line_1_3' title="bbox 148 248 1294 293; baseline 0.002 -12"><span class='ocrx_word' id='word_1_11' title='bbox 148 258 290 293; x_wconf 78' lang='lat' dir='ltr'>quantus</span> <span class='ocrx_word' id='word_1_12' title='bbox 324 250 438 290; x_wconf 81' lang='lat' dir='ltr'>fulgor</span> <span class='ocrx_word' id='word_1_13' title='bbox 469 248 511 281; x_wconf 87' lang='lat' dir='ltr'>sit</span> <span class='ocrx_word' id='word_1_14' title='bbox 537 248 690 293; x_wconf 87' lang='lat' dir='ltr'>corporis</span> <span class='ocrx_word' id='word_1_15' title='bbox 714 249 916 293; x_wconf 79' lang='lat' dir='ltr'>spiritualis3</span> <span class='ocrx_word' id='word_1_16' title='bbox 954 259 988 282; x_wconf 87' lang='lat' dir='ltr'>ct</span> <span class='ocrx_word' id='word_1_17' title='bbox 1015 263 1130 282; x_wconf 79' lang='lat' dir='ltr'>verum</span> <span class='ocrx_word' id='word_1_18' title='bbox 1156 263 1226 283; x_wconf 86' lang='lat' dir='ltr'>esse</span> <span class='ocrx_word' id='word_1_19' title='bbox 1251 251 1294 283; x_wconf 77' lang='lat' dir='ltr'>il—</span> 
     </span>
     <span class='ocr_line' id='line_1_4' title="bbox 146 310 1292 354; baseline 0.003 -13"><span class='ocrx_word' id='word_1_20' title='bbox 146 312 217 350; x_wconf 84' lang='lat' dir='ltr'>lud,</span> <span class='ocrx_word' id='word_1_21' title='bbox 243 311 334 354; x_wconf 91' lang='lat' dir='ltr'>quod</span> <span class='ocrx_word' id='word_1_22' title='bbox 361 311 489 343; x_wconf 89' lang='lat' dir='ltr'>dictum</span> <span class='ocrx_word' id='word_1_23' title='bbox 516 319 583 350; x_wconf 86' lang='lat' dir='ltr'>est,</span> <span class='ocrx_word' id='word_1_24' title='bbox 609 310 732 354; x_wconf 74' lang='lat' dir='ltr'>quia2)</span> <span class='ocrx_word' id='word_1_25' title='bbox 760 311 900 350; x_wconf 79' lang='lat' dir='ltr'>„oculus</span> <span class='ocrx_word' id='word_1_26' title='bbox 926 324 993 343; x_wconf 90' lang='lat' dir='ltr'>non</span> <span class='ocrx_word' id='word_1_27' title='bbox 1021 311 1123 352; x_wconf 75' lang='lat' dir='ltr'>vidit,</span> <span class='ocrx_word' id='word_1_28' title='bbox 1148 324 1210 344; x_wconf 88' lang='lat' dir='ltr'>nec</span> <span class='ocrx_word' id='word_1_29' title='bbox 1234 325 1292 344; x_wconf 82' lang='lat' dir='ltr'>au-</span> 
     </span>
     <span class='ocr_line' id='line_1_5' title="bbox 146 371 1293 417; baseline 0.003 -14"><span class='ocrx_word' id='word_1_30' title='bbox 146 371 190 403; x_wconf 87' lang='lat' dir='ltr'>ris</span> <span class='ocrx_word' id='word_1_31' title='bbox 215 372 354 411; x_wconf 80' lang='lat' dir='ltr'>audivit,</span> <span class='ocrx_word' id='word_1_32' title='bbox 379 384 442 404; x_wconf 87' lang='lat' dir='ltr'>nec</span> <span class='ocrx_word' id='word_1_33' title='bbox 466 371 499 403; x_wconf 87' lang='lat' dir='ltr'>in</span> <span class='ocrx_word' id='word_1_34' title='bbox 526 384 586 403; x_wconf 88' lang='lat' dir='ltr'>cor</span> <span class='ocrx_word' id='word_1_35' title='bbox 609 371 755 404; x_wconf 84' lang='lat' dir='ltr'>bominis</span> <span class='ocrx_word' id='word_1_36' title='bbox 781 372 967 413; x_wconf 76' lang='lat' dir='ltr'>adscendit,</span> <span class='ocrx_word' id='word_1_37' title='bbox 1001 385 1087 417; x_wconf 77' lang='lat' dir='ltr'>quae</span> <span class='ocrx_word' id='word_1_38' title='bbox 1112 385 1293 417; x_wconf 79' lang='lat' dir='ltr'>praepara-</span> 
     </span>
     <span class='ocr_line' id='line_1_6' title="bbox 145 432 1291 477; baseline 0.003 -13"><span class='ocrx_word' id='word_1_39' title='bbox 145 432 194 465; x_wconf 75' lang='lat' dir='ltr'>vit</span> <span class='ocrx_word' id='word_1_40' title='bbox 217 433 312 465; x_wconf 89' lang='lat' dir='ltr'>Deus</span> <span class='ocrx_word' id='word_1_41' title='bbox 344 433 562 475; x_wconf 80' lang='lat' dir='ltr'><strong>diligentibus</strong></span> <span class='ocrx_word' id='word_1_42' title='bbox 599 433 779 477; x_wconf 81' lang='lat' dir='ltr'>illum.“³)</span> <span class='ocrx_word' id='word_1_43' title='bbox 826 434 950 475; x_wconf 51' lang='lat' dir='ltr'>Now)</span> <span class='ocrx_word' id='word_1_44' title='bbox 987 443 1100 466; x_wconf 79' lang='lat' dir='ltr'>autem</span> <span class='ocrx_word' id='word_1_45' title='bbox 1136 434 1291 467; x_wconf 83' lang='lat' dir='ltr'>dubitan-</span> 
     </span>
     <span class='ocr_line' id='line_1_7' title="bbox 145 493 1292 539; baseline 0.003 -14"><span class='ocrx_word' id='word_1_46' title='bbox 145 494 224 526; x_wconf 87' lang='lat' dir='ltr'>dum</span> <span class='ocrx_word' id='word_1_47' title='bbox 260 503 311 526; x_wconf 90' lang='lat' dir='ltr'>est</span> <span class='ocrx_word' id='word_1_48' title='bbox 341 503 494 526; x_wconf 79' lang='lat' dir='ltr'>naturam</span> <span class='ocrx_word' id='word_1_49' title='bbox 527 494 681 538; x_wconf 88' lang='lat' dir='ltr'>corporis</span> <span class='ocrx_word' id='word_1_50' title='bbox 713 493 811 539; x_wconf 84' lang='lat' dir='ltr'>hujus</span> <span class='ocrx_word' id='word_1_51' title='bbox 844 495 969 534; x_wconf 88' lang='lat' dir='ltr'>nostri,</span> <span class='ocrx_word' id='word_1_52' title='bbox 1010 496 1187 527; x_wconf 79' lang='lat' dir='ltr'>voluntate</span> <span class='ocrx_word' id='word_1_53' title='bbox 1212 495 1292 536; x_wconf 86' lang='lat' dir='ltr'>Dei,</span> 
     </span>
     <span class='ocr_line' id='line_1_8' title="bbox 145 555 1290 599; baseline 0.002 -13"><span class='ocrx_word' id='word_1_54' title='bbox 145 555 202 599; x_wconf 83' lang='lat' dir='ltr'>qui</span> <span class='ocrx_word' id='word_1_55' title='bbox 237 555 338 587; x_wconf 80' lang='lat' dir='ltr'>talem</span> <span class='ocrx_word' id='word_1_56' title='bbox 364 555 446 588; x_wconf 85' lang='lat' dir='ltr'>fecit</span> <span class='ocrx_word' id='word_1_57' title='bbox 470 568 561 596; x_wconf 81' lang='lat' dir='ltr'>eam,</span> <span class='ocrx_word' id='word_1_58' title='bbox 593 568 698 599; x_wconf 83' lang='lat' dir='ltr'>usque</span> <span class='ocrx_word' id='word_1_59' title='bbox 730 555 773 587; x_wconf 80' lang='lat' dir='ltr'>ad</span> <span class='ocrx_word' id='word_1_60' title='bbox 797 555 890 587; x_wconf 78' lang='lat' dir='ltr'>illam</span> <span class='ocrx_word' id='word_1_61' title='bbox 917 555 1114 599; x_wconf 72' lang='lat' dir='ltr'><strong>qualitatem</strong></span> <span class='ocrx_word' id='word_1_62' title='bbox 1139 556 1290 589; x_wconf 88' lang='lat' dir='ltr'>subtilis-</span> 
     </span>
     <span class='ocr_line' id='line_1_9' title="bbox 143 616 1291 661; baseline 0.002 -13"><span class='ocrx_word' id='word_1_63' title='bbox 143 616 230 656; x_wconf 86' lang='lat' dir='ltr'>simi,</span> <span class='ocrx_word' id='word_1_64' title='bbox 257 626 290 648; x_wconf 85' lang='lat' dir='ltr'>et</span> <span class='ocrx_word' id='word_1_65' title='bbox 313 616 495 661; x_wconf 81' lang='lat' dir='ltr'>purissimi,</span> <span class='ocrx_word' id='word_1_66' title='bbox 521 630 559 649; x_wconf 74' lang='lat' dir='ltr'>ac</span> <span class='ocrx_word' id='word_1_67' title='bbox 583 616 847 661; x_wconf 76' lang='lat' dir='ltr'>splendidissimi</span> <span class='ocrx_word' id='word_1_68' title='bbox 873 617 1029 661; x_wconf 82' lang='lat' dir='ltr'>corporis</span> <span class='ocrx_word' id='word_1_69' title='bbox 1045 631 1145 661; x_wconf 86' lang='lat' dir='ltr'>posse</span> <span class='ocrx_word' id='word_1_70' title='bbox 1163 631 1180 650; x_wconf 82' lang='lat' dir='ltr'>a</span> <span class='ocrx_word' id='word_1_71' title='bbox 1199 630 1291 650; x_wconf 85' lang='lat' dir='ltr'>crea-</span> 
     </span>
     <span class='ocr_line' id='line_1_10' title="bbox 144 677 1291 722; baseline 0 -12"><span class='ocrx_word' id='word_1_72' title='bbox 144 688 218 710; x_wconf 78' lang='lat' dir='ltr'>tore</span> <span class='ocrx_word' id='word_1_73' title='bbox 243 677 404 722; x_wconf 61' lang='lat' dir='ltr'>perduci,</span> <span class='ocrx_word' id='word_1_74' title='bbox 441 687 544 721; x_wconf 87' lang='lat' dir='ltr'>prout</span> <span class='ocrx_word' id='word_1_75' title='bbox 569 690 682 710; x_wconf 85' lang='lat' dir='ltr'>rerum</span> <span class='ocrx_word' id='word_1_76' title='bbox 707 687 811 710; x_wconf 80' lang='lat' dir='ltr'>status</span> <span class='ocrx_word' id='word_1_77' title='bbox 845 679 1036 719; x_wconf 77' lang='lat' dir='ltr'>vocaverit,</span> <span class='ocrx_word' id='word_1_78' title='bbox 1073 689 1107 711; x_wconf 79' lang='lat' dir='ltr'>et</span> <span class='ocrx_word' id='word_1_79' title='bbox 1131 678 1291 711; x_wconf 87' lang='lat' dir='ltr'>meritum</span> 
     </span>
     <span class='ocr_line' id='line_1_11' title="bbox 144 739 1289 784; baseline 0.001 -13"><span class='ocrx_word' id='word_1_80' title='bbox 144 739 354 772; x_wconf 77' lang='lat' dir='ltr'>rationabilis</span> <span class='ocrx_word' id='word_1_81' title='bbox 387 748 523 771; x_wconf 79' lang='lat' dir='ltr'>naturae</span> <span class='ocrx_word' id='word_1_82' title='bbox 557 739 764 782; x_wconf 78' lang='lat' dir='ltr'>poposcerit.</span> <span class='ocrx_word' id='word_1_83' title='bbox 813 739 989 784; x_wconf 78' lang='lat' dir='ltr'>Denique,</span> <span class='ocrx_word' id='word_1_84' title='bbox 1027 753 1104 772; x_wconf 88' lang='lat' dir='ltr'>cum</span> <span class='ocrx_word' id='word_1_85' title='bbox 1130 740 1289 773; x_wconf 79' lang='lat' dir='ltr'>varietate</span> 
     </span>
     <span class='ocr_line' id='line_1_12' title="bbox 146 800 1290 845; baseline 0.001 -13"><span class='ocrx_word' id='word_1_86' title='bbox 146 810 179 832; x_wconf 83' lang='lat' dir='ltr'>et</span> <span class='ocrx_word' id='word_1_87' title='bbox 201 801 393 833; x_wconf 74' lang='lat' dir='ltr'>diversitate</span> <span class='ocrx_word' id='word_1_88' title='bbox 420 801 563 831; x_wconf 79' lang='lat' dir='ltr'>muudus</span> <span class='ocrx_word' id='word_1_89' title='bbox 589 800 750 841; x_wconf 80' lang='lat' dir='ltr'>indiguit,</span> <span class='ocrx_word' id='word_1_90' title='bbox 784 814 846 845; x_wconf 88' lang='lat' dir='ltr'>per</span> <span class='ocrx_word' id='word_1_91' title='bbox 871 801 1016 834; x_wconf 79' lang='lat' dir='ltr'>diversas</span> <span class='ocrx_word' id='word_1_92' title='bbox 1050 814 1164 833; x_wconf 79' lang='lat' dir='ltr'>rerum</span> <span class='ocrx_word' id='word_1_93' title='bbox 1189 801 1290 834; x_wconf 81' lang='lat' dir='ltr'>facies</span> 
     </span>
     <span class='ocr_line' id='line_1_13' title="bbox 144 861 1291 906; baseline 0 -12"><span class='ocrx_word' id='word_1_94' title='bbox 144 862 341 906; x_wconf 77' lang='lat' dir='ltr'>speciesque</span> <span class='ocrx_word' id='word_1_95' title='bbox 375 861 468 893; x_wconf 84' lang='lat' dir='ltr'>omui</span> <span class='ocrx_word' id='word_1_96' title='bbox 500 861 664 893; x_wconf 76' lang='lat' dir='ltr'>famulatu</span> <span class='ocrx_word' id='word_1_97' title='bbox 697 861 853 905; x_wconf 78' lang='lat' dir='ltr'>praebuit</span> <span class='ocrx_word' id='word_1_98' title='bbox 884 875 919 894; x_wconf 86' lang='lat' dir='ltr'>se</span> <span class='ocrx_word' id='word_1_99' title='bbox 943 862 1083 894; x_wconf 77' lang='lat' dir='ltr'>materia</span> <span class='ocrx_word' id='word_1_100' title='bbox 1108 862 1291 900; x_wconf 84' lang='lat' dir='ltr'>conditori,</span> 
     </span>
     <span class='ocr_line' id='line_1_14' title="bbox 145 922 1291 967; baseline 0.002 -14"><span class='ocrx_word' id='word_1_101' title='bbox 145 924 267 965; x_wconf 66' lang='lat' dir='ltr'>uspote</span> <span class='ocrx_word' id='word_1_102' title='bbox 300 922 441 954; x_wconf 86' lang='lat' dir='ltr'>domino</span> <span class='ocrx_word' id='word_1_103' title='bbox 475 932 509 954; x_wconf 83' lang='lat' dir='ltr'>et</span> <span class='ocrx_word' id='word_1_104' title='bbox 541 922 685 955; x_wconf 78' lang='lat' dir='ltr'>creatori</span> <span class='ocrx_word' id='word_1_105' title='bbox 709 935 791 962; x_wconf 91' lang='lat' dir='ltr'>suo,</span> <span class='ocrx_word' id='word_1_106' title='bbox 823 935 892 967; x_wconf 87' lang='lat' dir='ltr'>quo</span> <span class='ocrx_word' id='word_1_107' title='bbox 918 923 1065 955; x_wconf 78' lang='lat' dir='ltr'>diversas</span> <span class='ocrx_word' id='word_1_108' title='bbox 1090 923 1291 955; x_wconf 81' lang='lat' dir='ltr'>coelestium</span> 
     </span>
     <span class='ocr_line' id='line_1_15' title="bbox 146 984 1289 1027; baseline 0.001 -12"><span class='ocrx_word' id='word_1_109' title='bbox 146 993 430 1027; x_wconf 82' lang='lat' dir='ltr'>terrenorumque</span> <span class='ocrx_word' id='word_1_110' title='bbox 464 997 502 1016; x_wconf 84' lang='lat' dir='ltr'>ex</span> <span class='ocrx_word' id='word_1_111' title='bbox 536 997 572 1016; x_wconf 79' lang='lat' dir='ltr'>ea</span> <span class='ocrx_word' id='word_1_112' title='bbox 605 985 744 1016; x_wconf 87' lang='lat' dir='ltr'>duceret</span> <span class='ocrx_word' id='word_1_113' title='bbox 767 984 905 1016; x_wconf 74' lang='lat' dir='ltr'>formas.</span> <span class='ocrx_word' id='word_1_114' title='bbox 955 984 1040 1016; x_wconf 92' lang='lat' dir='ltr'>Cum</span> <span class='ocrx_word' id='word_1_115' title='bbox 1067 997 1147 1016; x_wconf 82' lang='lat' dir='ltr'>vero</span> <span class='ocrx_word' id='word_1_116' title='bbox 1172 997 1224 1017; x_wconf 88' lang='lat' dir='ltr'>res</span> <span class='ocrx_word' id='word_1_117' title='bbox 1249 985 1289 1016; x_wconf 83' lang='lat' dir='ltr'>ad</span> 
     </span>
     <span class='ocr_line' id='line_1_16' title="bbox 145 1044 1290 1088; baseline 0.001 -12"><span class='ocrx_word' id='word_1_118' title='bbox 145 1044 231 1076; x_wconf 76' lang='lat' dir='ltr'>illud</span> <span class='ocrx_word' id='word_1_119' title='bbox 259 1045 436 1088; x_wconf 80' lang='lat' dir='ltr'>coeperint</span> <span class='ocrx_word' id='word_1_120' title='bbox 467 1045 642 1085; x_wconf 79' lang='lat' dir='ltr'>festinare,</span> <span class='ocrx_word' id='word_1_121' title='bbox 673 1056 710 1079; x_wconf 85' lang='lat' dir='ltr'>nt</span> <span class='ocrx_word' id='word_1_122' title='bbox 740 1046 807 1078; x_wconf 84' lang='lat' dir='ltr'>siut</span> <span class='ocrx_word' id='word_1_123' title='bbox 832 1058 949 1078; x_wconf 80' lang='lat' dir='ltr'>omnes</span> <span class='ocrx_word' id='word_1_124' title='bbox 973 1058 1097 1085; x_wconf 83' lang='lat' dir='ltr'>unum,</span> <span class='ocrx_word' id='word_1_125' title='bbox 1129 1045 1216 1077; x_wconf 83' lang='lat' dir='ltr'>sicut</span> <span class='ocrx_word' id='word_1_126' title='bbox 1242 1055 1290 1077; x_wconf 86' lang='lat' dir='ltr'>est</span> 
     </span>
     <span class='ocr_line' id='line_1_17' title="bbox 145 1105 1288 1152; baseline 0.003 -15"><span class='ocrx_word' id='word_1_127' title='bbox 145 1106 245 1138; x_wconf 80' lang='lat' dir='ltr'>Pater</span> <span class='ocrx_word' id='word_1_128' title='bbox 271 1119 345 1138; x_wconf 85' lang='lat' dir='ltr'>cum</span> <span class='ocrx_word' id='word_1_129' title='bbox 372 1105 465 1138; x_wconf 88' lang='lat' dir='ltr'>Filio</span> <span class='ocrx_word' id='word_1_130' title='bbox 490 1119 607 1149; x_wconf 74' lang='lat' dir='ltr'>uuum,</span> <span class='ocrx_word' id='word_1_131' title='bbox 633 1117 880 1152; x_wconf 85' lang='lat' dir='ltr'>consequenter</span> <span class='ocrx_word' id='word_1_132' title='bbox 897 1107 1040 1149; x_wconf 83' lang='lat' dir='ltr'>intelligi</span> <span class='ocrx_word' id='word_1_133' title='bbox 1059 1107 1167 1148; x_wconf 79' lang='lat' dir='ltr'>datur,</span> <span class='ocrx_word' id='word_1_134' title='bbox 1192 1108 1288 1152; x_wconf 87' lang='lat' dir='ltr'>quod</span> 
     </span>
     <span class='ocr_line' id='line_1_18' title="bbox 145 1166 1075 1213; baseline 0.001 -14"><span class='ocrx_word' id='word_1_135' title='bbox 145 1166 205 1199; x_wconf 85' lang='lat' dir='ltr'>ubi</span> <span class='ocrx_word' id='word_1_136' title='bbox 231 1180 348 1199; x_wconf 86' lang='lat' dir='ltr'>omnes</span> <span class='ocrx_word' id='word_1_137' title='bbox 374 1181 479 1200; x_wconf 89' lang='lat' dir='ltr'>uuum</span> <span class='ocrx_word' id='word_1_138' title='bbox 504 1177 591 1207; x_wconf 82' lang='lat' dir='ltr'>sunt,</span> <span class='ocrx_word' id='word_1_139' title='bbox 616 1169 682 1213; x_wconf 80' lang='lat' dir='ltr'>jam</span> <span class='ocrx_word' id='word_1_140' title='bbox 708 1168 882 1202; x_wconf 82' lang='lat' dir='ltr'>diversitas</span> <span class='ocrx_word' id='word_1_141' title='bbox 907 1182 976 1201; x_wconf 85' lang='lat' dir='ltr'>non</span> <span class='ocrx_word' id='word_1_142' title='bbox 1002 1168 1075 1201; x_wconf 88' lang='lat' dir='ltr'>erit.</span> 
     </span>
    </p>

    <p class='ocr_par' dir='ltr' id='par_1_3' title="bbox 146 1229 1292 1642">
     <span class='ocr_line' id='line_1_19' title="bbox 236 1229 1288 1274; baseline 0.002 -13"><span class='ocrx_word' id='word_1_143' title='bbox 236 1230 267 1262; x_wconf 86' lang='lat'>5.</span> <span class='ocrx_word' id='word_1_144' title='bbox 305 1229 491 1273; x_wconf 80' lang='lat' dir='ltr'>Propterea</span> <span class='ocrx_word' id='word_1_145' title='bbox 518 1243 662 1274; x_wconf 76' lang='lat' dir='ltr'>namque</span> <span class='ocrx_word' id='word_1_146' title='bbox 678 1232 710 1272; x_wconf 77' lang='grc'>5)</span> <span class='ocrx_word' id='word_1_147' title='bbox 737 1231 837 1262; x_wconf 83' lang='lat' dir='ltr'>etiam</span> <span class='ocrx_word' id='word_1_148' title='bbox 855 1230 1056 1263; x_wconf 83' lang='lat' dir='ltr'>novissimus</span> <span class='ocrx_word' id='word_1_149' title='bbox 1074 1231 1288 1274; x_wconf 72' lang='lat' dir='ltr'>inimicus,⁶)</span> 
     </span>
     <span class='ocr_line' id='line_1_20' title="bbox 148 1289 1290 1336; baseline 0.004 -16"><span class='ocrx_word' id='word_1_150' title='bbox 148 1289 204 1333; x_wconf 83' lang='lat' dir='ltr'>qui</span> <span class='ocrx_word' id='word_1_151' title='bbox 229 1302 320 1322; x_wconf 81' lang='lat' dir='ltr'>mors</span> <span class='ocrx_word' id='word_1_152' title='bbox 345 1291 548 1334; x_wconf 79' lang='lat' dir='ltr'>appellatur,</span> <span class='ocrx_word' id='word_1_153' title='bbox 575 1292 702 1324; x_wconf 84' lang='lat' dir='ltr'>destrui</span> <span class='ocrx_word' id='word_1_154' title='bbox 728 1292 864 1331; x_wconf 89' lang='lat' dir='ltr'>dicitur,</span> <span class='ocrx_word' id='word_1_155' title='bbox 889 1301 926 1323; x_wconf 88' lang='lat' dir='ltr'>ut</span> <span class='ocrx_word' id='word_1_156' title='bbox 950 1305 1060 1336; x_wconf 86' lang='lat' dir='ltr'>neque</span> <span class='ocrx_word' id='word_1_157' title='bbox 1084 1292 1173 1324; x_wconf 76' lang='lat' dir='ltr'>u&#39;ltra</span> <span class='ocrx_word' id='word_1_158' title='bbox 1195 1292 1290 1325; x_wconf 82' lang='lat' dir='ltr'>triste</span> 
     </span>
     <span class='ocr_line' id='line_1_21' title="bbox 147 1350 1292 1397; baseline 0.003 -15"><span class='ocrx_word' id='word_1_159' title='bbox 147 1350 189 1382; x_wconf 86' lang='lat' dir='ltr'>sit</span> <span class='ocrx_word' id='word_1_160' title='bbox 219 1351 368 1395; x_wconf 83' lang='lat' dir='ltr'>aliquid,</span> <span class='ocrx_word' id='word_1_161' title='bbox 401 1352 458 1384; x_wconf 87' lang='lat' dir='ltr'>ubi</span> <span class='ocrx_word' id='word_1_162' title='bbox 489 1365 580 1384; x_wconf 84' lang='lat' dir='ltr'>mors</span> <span class='ocrx_word' id='word_1_163' title='bbox 612 1365 679 1385; x_wconf 88' lang='lat' dir='ltr'>non</span> <span class='ocrx_word' id='word_1_164' title='bbox 706 1362 771 1392; x_wconf 81' lang='lat' dir='ltr'>est,</span> <span class='ocrx_word' id='word_1_165' title='bbox 803 1366 913 1397; x_wconf 86' lang='lat' dir='ltr'>neque</span> <span class='ocrx_word' id='word_1_166' title='bbox 937 1355 1115 1385; x_wconf 80' lang='lat' dir='ltr'>adversum</span> <span class='ocrx_word' id='word_1_167' title='bbox 1139 1352 1199 1392; x_wconf 83' lang='lat' dir='ltr'>sit,</span> <span class='ocrx_word' id='word_1_168' title='bbox 1232 1353 1292 1385; x_wconf 86' lang='lat' dir='ltr'>ubi</span> 
     </span>
     <span class='ocr_line' id='line_1_22' title="bbox 146 1411 1290 1446; baseline 0.003 -4"><span class='ocrx_word' id='word_1_169' title='bbox 146 1424 215 1443; x_wconf 88' lang='lat' dir='ltr'>non</span> <span class='ocrx_word' id='word_1_170' title='bbox 249 1421 298 1443; x_wconf 83' lang='lat' dir='ltr'>cst</span> <span class='ocrx_word' id='word_1_171' title='bbox 329 1411 496 1444; x_wconf 84' lang='lat' dir='ltr'>inimicus.</span> <span class='ocrx_word' id='word_1_172' title='bbox 546 1413 685 1446; x_wconf 79' lang='lat' dir='ltr'>Destrui</span> <span class='ocrx_word' id='word_1_173' title='bbox 716 1427 793 1446; x_wconf 75' lang='lat' dir='ltr'>sane</span> <span class='ocrx_word' id='word_1_174' title='bbox 827 1414 1026 1446; x_wconf 77' lang='lat' dir='ltr'>novissimus</span> <span class='ocrx_word' id='word_1_175' title='bbox 1057 1414 1214 1446; x_wconf 82' lang='lat' dir='ltr'>inimicus</span> <span class='ocrx_word' id='word_1_176' title='bbox 1245 1415 1290 1446; x_wconf 82' lang='lat' dir='ltr'>ita</span> 
     </span>
     <span class='ocr_line' id='line_1_23' title="bbox 146 1472 1291 1521; baseline 0.003 -17"><span class='ocrx_word' id='word_1_177' title='bbox 146 1472 386 1514; x_wconf 78' lang='lat' dir='ltr'>intelligendus</span> <span class='ocrx_word' id='word_1_178' title='bbox 412 1484 479 1514; x_wconf 81' lang='lat' dir='ltr'>est,</span> <span class='ocrx_word' id='word_1_179' title='bbox 505 1487 574 1506; x_wconf 86' lang='lat' dir='ltr'>non</span> <span class='ocrx_word' id='word_1_180' title='bbox 601 1484 639 1507; x_wconf 87' lang='lat' dir='ltr'>ut</span> <span class='ocrx_word' id='word_1_181' title='bbox 663 1475 847 1508; x_wconf 76' lang='lat' dir='ltr'>substantia</span> <span class='ocrx_word' id='word_1_182' title='bbox 874 1475 962 1521; x_wconf 78' lang='lat' dir='ltr'>ejus,</span> <span class='ocrx_word' id='word_1_183' title='bbox 989 1488 1073 1519; x_wconf 87' lang='lat' dir='ltr'>quae</span> <span class='ocrx_word' id='word_1_184' title='bbox 1097 1488 1115 1508; x_wconf 81' lang='lat' dir='ltr'>a</span> <span class='ocrx_word' id='word_1_185' title='bbox 1140 1476 1217 1507; x_wconf 80' lang='lat' dir='ltr'>Deo</span> <span class='ocrx_word' id='word_1_186' title='bbox 1242 1476 1291 1508; x_wconf 84' lang='lat' dir='ltr'>sa-</span> 
     </span>
     <span class='ocr_line' id='line_1_24' title="bbox 148 1536 1291 1581; baseline 0.003 -16"><span class='ocrx_word' id='word_1_187' title='bbox 148 1543 200 1566; x_wconf 79' lang='lat' dir='ltr'>cta</span> <span class='ocrx_word' id='word_1_188' title='bbox 225 1543 290 1574; x_wconf 85' lang='lat' dir='ltr'>est,</span> <span class='ocrx_word' id='word_1_189' title='bbox 319 1544 453 1579; x_wconf 84' lang='lat' dir='ltr'>pereat,</span> <span class='ocrx_word' id='word_1_190' title='bbox 485 1536 545 1568; x_wconf 78' lang='lat' dir='ltr'>sed</span> <span class='ocrx_word' id='word_1_191' title='bbox 576 1545 612 1569; x_wconf 87' lang='lat' dir='ltr'>ut</span> <span class='ocrx_word' id='word_1_192' title='bbox 637 1537 872 1581; x_wconf 84' lang='lat' dir='ltr'>propositum,</span> <span class='ocrx_word' id='word_1_193' title='bbox 906 1547 938 1569; x_wconf 85' lang='lat' dir='ltr'>ct</span> <span class='ocrx_word' id='word_1_194' title='bbox 965 1538 1117 1569; x_wconf 72' lang='lat' dir='ltr'>voluutas</span> <span class='ocrx_word' id='word_1_195' title='bbox 1143 1537 1291 1576; x_wconf 73' lang='lat' dir='ltr'>inimica,</span> 
     </span>
     <span class='ocr_line' id='line_1_25' title="bbox 148 1583 1290 1642; baseline 0.003 -15"><span class='ocrx_word' id='word_1_196' title='bbox 148 1583 234 1638; x_wconf 62' lang='lat' dir='ltr'>(iuste</span> <span class='ocrx_word' id='word_1_197' title='bbox 263 1609 332 1628; x_wconf 89' lang='lat' dir='ltr'>non</span> <span class='ocrx_word' id='word_1_198' title='bbox 362 1609 380 1629; x_wconf 80' lang='lat' dir='ltr'>a</span> <span class='ocrx_word' id='word_1_199' title='bbox 405 1597 500 1636; x_wconf 82' lang='lat' dir='ltr'>Deo,</span> <span class='ocrx_word' id='word_1_200' title='bbox 537 1599 596 1630; x_wconf 90' lang='lat' dir='ltr'>sed</span> <span class='ocrx_word' id='word_1_201' title='bbox 629 1599 670 1630; x_wconf 77' lang='lat' dir='ltr'>ab</span> <span class='ocrx_word' id='word_1_202' title='bbox 702 1598 777 1642; x_wconf 84' lang='lat' dir='ltr'>ipso</span> <span class='ocrx_word' id='word_1_203' title='bbox 803 1598 984 1642; x_wconf 74' lang='lat' dir='ltr'>processit,</span> <span class='ocrx_word' id='word_1_204' title='bbox 1018 1597 1172 1630; x_wconf 84' lang='lat' dir='ltr'>intereat.</span> <span class='ocrx_word' id='word_1_205' title='bbox 1221 1599 1290 1630; x_wconf 90' lang='lat' dir='ltr'>De-</span> 
     </span>
    </p>
   </div>
   <div class='ocr_carea' id='block_1_3' title="bbox 147 1659 1289 1700">
    <p class='ocr_par' dir='ltr' id='par_1_4' title="bbox 147 1659 1289 1700">
     <span class='ocr_line' id='line_1_26' title="bbox 147 1659 1289 1700; baseline 0.004 -12"><span class='ocrx_word' id='word_1_206' title='bbox 147 1667 296 1689; x_wconf 71' lang='lat' dir='ltr'>sti-uetur</span> <span class='ocrx_word' id='word_1_207' title='bbox 320 1671 416 1700; x_wconf 86' lang='lat' dir='ltr'>ergo,</span> <span class='ocrx_word' id='word_1_208' title='bbox 441 1672 509 1692; x_wconf 86' lang='lat' dir='ltr'>non</span> <span class='ocrx_word' id='word_1_209' title='bbox 534 1668 572 1691; x_wconf 89' lang='lat' dir='ltr'>ut</span> <span class='ocrx_word' id='word_1_210' title='bbox 596 1672 664 1692; x_wconf 86' lang='lat' dir='ltr'>non</span> <span class='ocrx_word' id='word_1_211' title='bbox 689 1659 749 1699; x_wconf 83' lang='lat' dir='ltr'>sit,</span> <span class='ocrx_word' id='word_1_212' title='bbox 773 1660 832 1692; x_wconf 88' lang='lat' dir='ltr'>sed</span> <span class='ocrx_word' id='word_1_213' title='bbox 857 1669 891 1692; x_wconf 83' lang='lat' dir='ltr'>ut</span> <span class='ocrx_word' id='word_1_214' title='bbox 917 1659 1073 1692; x_wconf 83' lang='lat' dir='ltr'>inimicus</span> <span class='ocrx_word' id='word_1_215' title='bbox 1097 1672 1166 1692; x_wconf 87' lang='lat' dir='ltr'>non</span> <span class='ocrx_word' id='word_1_216' title='bbox 1190 1660 1233 1693; x_wconf 83' lang='lat' dir='ltr'>sit</span> <span class='ocrx_word' id='word_1_217' title='bbox 1258 1670 1289 1692; x_wconf 86' lang='lat' dir='ltr'>et</span> 
     </span>
    </p>
   </div>
   <div class='ocr_carea' id='block_1_4' title="bbox 147 1825 1289 2071">
    <p class='ocr_par' dir='ltr' id='par_1_5' title="bbox 147 1825 1289 1903">
     <span class='ocr_line' id='line_1_27' title="bbox 168 1825 1289 1903; baseline 0.003 -46"><span class='ocrx_word' id='word_1_218' title='bbox 168 1871 176 1877; x_wconf 46' lang='grc'><strong>.</strong></span> <span class='ocrx_word' id='word_1_219' title='bbox 225 1826 275 1890; x_wconf 37' lang='lat' dir='ltr'>fa)</span> <span class='ocrx_word' id='word_1_220' title='bbox 293 1825 358 1903; x_wconf 60' lang='lat' dir='ltr'>f{ic</span> <span class='ocrx_word' id='word_1_221' title='bbox 384 1826 461 1860; x_wconf 84' lang='lat' dir='ltr'>Mss.</span> <span class='ocrx_word' id='word_1_222' title='bbox 491 1826 583 1858; x_wconf 73' lang='lat' dir='ltr'>Editi</span> <span class='ocrx_word' id='word_1_223' title='bbox 620 1827 667 1869; x_wconf 80' lang='lat' dir='ltr'>(v,</span> <span class='ocrx_word' id='word_1_224' title='bbox 703 1839 728 1858; x_wconf 88' lang='lat' dir='ltr'>c.</span> <span class='ocrx_word' id='word_1_225' title='bbox 763 1827 837 1859; x_wconf 85' lang='lat' dir='ltr'>edd.</span> <span class='ocrx_word' id='word_1_226' title='bbox 865 1827 930 1870; x_wconf 85' lang='lat' dir='ltr'>M.)</span> <span class='ocrx_word' id='word_1_227' title='bbox 963 1827 1145 1859; x_wconf 86' lang='lat' dir='ltr'>mendose:</span> <span class='ocrx_word' id='word_1_228' title='bbox 1189 1840 1289 1868; x_wconf 84' lang='lat' dir='ltr'>„cou-</span> 
     </span>
     <span class='ocr_line' id='line_1_28' title="bbox 147 1884 333 1903; baseline 0.005 -2"><span class='ocrx_word' id='word_1_229' title='bbox 147 1884 243 1903; x_wconf 65' lang='lat' dir='ltr'>vinci.</span> <span class='ocrx_word' id='word_1_230' title='bbox 327 1896 333 1902; x_wconf 96' lang='lat'>.</span> 
     </span>
    </p>

    <p class='ocr_par' dir='ltr' id='par_1_6' title="bbox 150 1926 1288 2014">
     <span class='ocr_line' id='line_1_29' title="bbox 244 1926 1288 1970; baseline 0.001 -12"><span class='ocrx_word' id='word_1_231' title='bbox 244 1928 277 1969; x_wconf 75' lang='lat'>²)</span> <span class='ocrx_word' id='word_1_232' title='bbox 303 1926 391 1958; x_wconf 84' lang='lat' dir='ltr'>Edd.</span> <span class='ocrx_word' id='word_1_233' title='bbox 410 1927 458 1959; x_wconf 87' lang='lat' dir='ltr'>M.</span> <span class='ocrx_word' id='word_1_234' title='bbox 486 1927 636 1970; x_wconf 81' lang='lat' dir='ltr'>„quod.“</span> <span class='ocrx_word' id='word_1_235' title='bbox 658 1946 697 1951; x_wconf 92' lang='lat'><strong>—</strong></span> <span class='ocrx_word' id='word_1_236' title='bbox 725 1926 795 1960; x_wconf 87' lang='lat' dir='ltr'>Csr.</span> <span class='ocrx_word' id='word_1_237' title='bbox 822 1927 832 1957; x_wconf 80' lang='grc' dir='ltr'>Ῑ</span> <span class='ocrx_word' id='word_1_238' title='bbox 855 1926 935 1958; x_wconf 82' lang='lat' dir='ltr'>Cor.</span> <span class='ocrx_word' id='word_1_239' title='bbox 957 1927 999 1966; x_wconf 83' lang='lat' dir='ltr'>H,</span> <span class='ocrx_word' id='word_1_240' title='bbox 1024 1926 1054 1960; x_wconf 82' lang='lat'>9.</span> <span class='ocrx_word' id='word_1_241' title='bbox 1082 1927 1160 1960; x_wconf 82' lang='lat' dir='ltr'>coll.</span> <span class='ocrx_word' id='word_1_242' title='bbox 1187 1927 1288 1960; x_wconf 74' lang='lat' dir='ltr'>Jesai.</span> 
     </span>
     <span class='ocr_line' id='line_1_30' title="bbox 150 1971 853 2014; baseline 0.001 -11"><span class='ocrx_word' id='word_1_243' title='bbox 150 1972 270 2010; x_wconf 84' lang='lat' dir='ltr'>LXIV,</span> <span class='ocrx_word' id='word_1_244' title='bbox 295 1971 326 2004; x_wconf 83' lang='lat'>4.</span> <span class='ocrx_word' id='word_1_245' title='bbox 470 1973 503 2014; x_wconf 80' lang='lat'>³)</span> <span class='ocrx_word' id='word_1_246' title='bbox 528 1972 581 2004; x_wconf 85' lang='lat' dir='ltr'>Ed</span> <span class='ocrx_word' id='word_1_247' title='bbox 618 1973 667 2005; x_wconf 85' lang='lat' dir='ltr'>M.</span> <span class='ocrx_word' id='word_1_248' title='bbox 696 1972 737 2004; x_wconf 85' lang='lat' dir='ltr'>ll.</span> <span class='ocrx_word' id='word_1_249' title='bbox 765 1976 853 2013; x_wconf 82' lang='lat' dir='ltr'>„se.“</span> 
     </span>
    </p>

    <p class='ocr_par' dir='ltr' id='par_1_7' title="bbox 240 2027 1216 2071">
     <span class='ocr_line' id='line_1_31' title="bbox 240 2027 1216 2071; baseline 0.003 -13"><span class='ocrx_word' id='word_1_250' title='bbox 240 2027 275 2068; x_wconf 78' lang='lat'>⁴)</span> <span class='ocrx_word' id='word_1_251' title='bbox 303 2027 389 2059; x_wconf 83' lang='lat' dir='ltr'>Vide</span> <span class='ocrx_word' id='word_1_252' title='bbox 415 2028 473 2061; x_wconf 83' lang='lat' dir='ltr'>lib.</span> <span class='ocrx_word' id='word_1_253' title='bbox 500 2028 539 2058; x_wconf 87' lang='grc' dir='ltr'>ΙΙ.</span> <span class='ocrx_word' id='word_1_254' title='bbox 566 2027 801 2068; x_wconf 79' lang='lat' dir='ltr'>Origenianor.</span> <span class='ocrx_word' id='word_1_255' title='bbox 829 2037 953 2071; x_wconf 73' lang='lat' dir='ltr'>quaest.</span> <span class='ocrx_word' id='word_1_256' title='bbox 982 2028 1040 2059; x_wconf 87' lang='lat' dir='ltr'>lX.</span> <span class='ocrx_word' id='word_1_257' title='bbox 1067 2041 1158 2060; x_wconf 89' lang='lat' dir='ltr'>num.</span> <span class='ocrx_word' id='word_1_258' title='bbox 1186 2028 1216 2061; x_wconf 81' lang='grc'>7.</span> 
     </span>
    </p>
   </div>
   <div class='ocr_carea' id='block_1_5' title="bbox 151 2082 1290 2172">
    <p class='ocr_par' dir='ltr' id='par_1_8' title="bbox 151 2082 1290 2172">
     <span class='ocr_line' id='line_1_32' title="bbox 244 2082 1290 2126; baseline -0.002 -10"><span class='ocrx_word' id='word_1_259' title='bbox 244 2084 279 2125; x_wconf 79' lang='lat'>⁵)</span> <span class='ocrx_word' id='word_1_260' title='bbox 305 2082 362 2116; x_wconf 86' lang='lat' dir='ltr'>Sic</span> <span class='ocrx_word' id='word_1_261' title='bbox 390 2083 469 2115; x_wconf 83' lang='lat' dir='ltr'>Mss.</span> <span class='ocrx_word' id='word_1_262' title='bbox 502 2084 539 2115; x_wconf 78' lang='lat' dir='ltr'>ln</span> <span class='ocrx_word' id='word_1_263' title='bbox 573 2082 671 2114; x_wconf 82' lang='lat' dir='ltr'>editis</span> <span class='ocrx_word' id='word_1_264' title='bbox 703 2083 750 2122; x_wconf 86' lang='lat' dir='ltr'>(V.</span> <span class='ocrx_word' id='word_1_265' title='bbox 783 2095 810 2114; x_wconf 92' lang='lat' dir='ltr'>c.</span> <span class='ocrx_word' id='word_1_266' title='bbox 844 2083 919 2114; x_wconf 88' lang='lat' dir='ltr'>edd.</span> <span class='ocrx_word' id='word_1_267' title='bbox 946 2083 1011 2126; x_wconf 89' lang='lat' dir='ltr'>M.)</span> <span class='ocrx_word' id='word_1_268' title='bbox 1044 2084 1138 2115; x_wconf 85' lang='lat' dir='ltr'>deest</span> <span class='ocrx_word' id='word_1_269' title='bbox 1177 2095 1290 2124; x_wconf 83' lang='lat' dir='ltr'><strong>„nam-</strong></span> 
     </span>
     <span class='ocr_line' id='line_1_33' title="bbox 151 2126 1288 2172; baseline -0.001 -12"><span class='ocrx_word' id='word_1_270' title='bbox 151 2131 248 2172; x_wconf 77' lang='lat' dir='ltr'>quc.“</span> <span class='ocrx_word' id='word_1_271' title='bbox 279 2129 313 2159; x_wconf 79' lang='lat' dir='ltr'>R.</span> <span class='ocrx_word' id='word_1_272' title='bbox 344 2147 381 2151; x_wconf 92' lang='lat'>—-</span> <span class='ocrx_word' id='word_1_273' title='bbox 415 2127 502 2159; x_wconf 87' lang='lat' dir='ltr'>Vide</span> <span class='ocrx_word' id='word_1_274' title='bbox 536 2128 593 2159; x_wconf 85' lang='lat' dir='ltr'>lib.</span> <span class='ocrx_word' id='word_1_275' title='bbox 619 2128 664 2160; x_wconf 82' lang='grc' dir='ltr'>Η.</span> <span class='ocrx_word' id='word_1_276' title='bbox 690 2126 922 2168; x_wconf 82' lang='lat' dir='ltr'>Origenianor.</span> <span class='ocrx_word' id='word_1_277' title='bbox 955 2137 1080 2171; x_wconf 85' lang='lat' dir='ltr'>quaest.</span> <span class='ocrx_word' id='word_1_278' title='bbox 1104 2129 1163 2160; x_wconf 88' lang='grc' dir='ltr'>ΧΙ.</span> <span class='ocrx_word' id='word_1_279' title='bbox 1196 2139 1288 2160; x_wconf 87' lang='lat' dir='ltr'>num.</span> 
     </span>
    </p>
   </div>
   <div class='ocr_carea' id='block_1_6' title="bbox 151 2172 1287 2315">
    <p class='ocr_par' dir='ltr' id='par_1_9' title="bbox 151 2172 1287 2315">
     <span class='ocr_line' id='line_1_34' title="bbox 151 2172 680 2215; baseline -0.002 -10"><span class='ocrx_word' id='word_1_280' title='bbox 151 2173 203 2207; x_wconf 75' lang='grc'>18.</span> <span class='ocrx_word' id='word_1_281' title='bbox 231 2182 260 2204; x_wconf 84' lang='lat' dir='ltr'>et</span> <span class='ocrx_word' id='word_1_282' title='bbox 287 2181 413 2215; x_wconf 74' lang='lat' dir='ltr'>quaest.</span> <span class='ocrx_word' id='word_1_283' title='bbox 445 2173 483 2204; x_wconf 91' lang='lat' dir='ltr'>V.</span> <span class='ocrx_word' id='word_1_284' title='bbox 511 2185 601 2204; x_wconf 84' lang='lat' dir='ltr'>num.</span> <span class='ocrx_word' id='word_1_285' title='bbox 630 2172 680 2206; x_wconf 79' lang='lat'>14.</span> 
     </span>
     <span class='ocr_line' id='line_1_35' title="bbox 240 2226 1287 2271; baseline -0.001 -12"><span class='ocrx_word' id='word_1_286' title='bbox 240 2227 274 2270; x_wconf 70' lang='grc'>6)</span> <span class='ocrx_word' id='word_1_287' title='bbox 301 2227 357 2260; x_wconf 78' lang='lat' dir='ltr'>Sic</span> <span class='ocrx_word' id='word_1_288' title='bbox 384 2227 461 2259; x_wconf 82' lang='lat' dir='ltr'>Mss.</span> <span class='ocrx_word' id='word_1_289' title='bbox 492 2228 525 2258; x_wconf 68' lang='lat' dir='ltr'>in</span> <span class='ocrx_word' id='word_1_290' title='bbox 553 2228 648 2260; x_wconf 83' lang='lat' dir='ltr'>cditis</span> <span class='ocrx_word' id='word_1_291' title='bbox 675 2229 720 2271; x_wconf 83' lang='lat' dir='ltr'>(v.</span> <span class='ocrx_word' id='word_1_292' title='bbox 749 2241 774 2259; x_wconf 89' lang='lat' dir='ltr'>c.</span> <span class='ocrx_word' id='word_1_293' title='bbox 803 2228 878 2260; x_wconf 77' lang='lat' dir='ltr'>edd.</span> <span class='ocrx_word' id='word_1_294' title='bbox 897 2227 963 2271; x_wconf 86' lang='lat' dir='ltr'>M.)</span> <span class='ocrx_word' id='word_1_295' title='bbox 990 2227 1126 2269; x_wconf 71' lang='lat' dir='ltr'>legitur:</span> <span class='ocrx_word' id='word_1_296' title='bbox 1155 2226 1287 2267; x_wconf 77' lang='lat' dir='ltr'>„inimi-</span> 
     </span>
     <span class='ocr_line' id='line_1_36' title="bbox 154 2271 804 2315; baseline -0.003 -10"><span class='ocrx_word' id='word_1_297' title='bbox 154 2287 218 2312; x_wconf 58' lang='grc' dir='ltr'>ωε,</span> <span class='ocrx_word' id='word_1_298' title='bbox 244 2273 276 2304; x_wconf 86' lang='lat' dir='ltr'>id</span> <span class='ocrx_word' id='word_1_299' title='bbox 305 2281 351 2304; x_wconf 81' lang='lat' dir='ltr'>cst</span> <span class='ocrx_word' id='word_1_300' title='bbox 378 2271 544 2310; x_wconf 68' lang='lat' dir='ltr'>diabolus,</span> <span class='ocrx_word' id='word_1_301' title='bbox 571 2272 648 2315; x_wconf 77' lang='lat' dir='ltr'>qui“</span> <span class='ocrx_word' id='word_1_302' title='bbox 677 2281 740 2305; x_wconf 72' lang='lat' dir='ltr'>cte.</span> <span class='ocrx_word' id='word_1_303' title='bbox 766 2273 804 2304; x_wconf 79' lang='lat' dir='ltr'>R.</span> 
     </span>
    </p>
   </div>
   <div class='ocr_carea' id='block_1_7' title="bbox 1340 0 1404 1385">
    <p class='ocr_par' dir='ltr' id='par_1_10' title="bbox 1337 0 1404 1385">
     <span class='ocr_line' id='line_1_37' title="bbox 1340 0 1397 459; baseline 0 0"><span class='ocrx_word' id='word_1_304' title='bbox 1340 0 1397 459; x_wconf 46' lang='lat' dir='ltr'>i</span> 
     </span>
     <span class='ocr_line' id='line_1_38' title="bbox 1388 462 1395 573; baseline 0.222 43"><span class='ocrx_word' id='word_1_305' title='bbox 1388 462 1395 573; x_wconf 66' lang='lat'>⁵</span> 
     </span>
     <span class='ocr_line' id='line_1_39' title="bbox 1392 765 1404 1385; baseline 0 0"><span class='ocrx_word' id='word_1_306' title='bbox 1392 765 1404 1385; x_wconf 59' lang='grc'>1</span> 
     </span>
    </p>
   </div>
  </div>
 </body>
</html>
