1404 2463
488 119 709 148 Anmomrm.
1140 113 1161 145 f>

33 207 229 247 termisisse,
263 216 321 239 aut
353 207 533 239 secundum
572 218 642 237 eam
667 204 817 246 regulam
844 203 1035 247 protulisse,
1062 215 1160 247 quam

33 271 74 302 ab
106 269 179 314 ipso
212 270 404 313 frequenter
433 267 603 300 invenerat
636 266 852 305 affirmatam,
892 265 924 297 id
952 273 1010 304 est,
1038 264 1076 295 ad
1103 276 1168 308 cas

33 331 196 363 tholicum
221 343 350 362 sensum
377 329 572 374 quibusdam
600 328 768 367 detractis,
793 327 992 372 quibusdam
1018 324 1153 357 aliunde

31 391 152 424 additis
184 404 363 423 revocasse.
411 390 441 424 2.
475 391 536 429 Se,
570 389 627 420 ubi
660 388 820 430 Origenes
851 387 1023 420 obscurius
1055 399 1154 430 quae-

32 455 108 486 dam
135 453 338 497 protulerat,
370 464 424 490 ea,
459 464 541 495 quae
573 451 605 482 in
631 450 702 483 aliis
728 449 797 495 ejus
823 449 914 482 libris
939 447 1084 492 apertius
1110 447 1157 479 le-

31 524 137 557 gerat,
169 513 324 558 adjecisse
347 521 384 544 ut
408 511 615 545 manifestior
651 512 747 544 fieret
783 512 893 551 locus;
930 508 1013 541 nihil
1045 517 1155 540 tamen

32 590 127 610 suum
154 575 282 613 dixisse.
306 574 363 607 sed
389 573 469 606 licet
493 574 525 605 in
551 573 624 605 aliis
650 573 731 605 locis
757 573 856 612 dicta,
880 584 936 604 sna
952 580 1061 602 tamen
1076 569 1153 602 Ori-

30 638 104 680 geni
124 636 316 669 reddidisse.
371 634 557 667 Hinc‘satis
582 644 675 679 patet
696 648 757 667 nec
782 634 936 672 fidelem,
972 644 1033 664 nec
1058 644 1153 662 accu-

29 709 132 732 ratam
158 711 227 730 esse
250 696 362 730 Rufini
387 695 710 740 interpretationem.
752 696 925 734 »Addidit‚
947 693 1055 738 inquit
1072 692 1153 725 Hie-

29 773 186 806 ronymus
211 759 269 791 lib.
286 759 315 792 1.
340 758 493 790 adversus
519 758 695 797 Rufinum,
728 771 811 802 quae
843 770 910 790 non
942 764 1043 794 erant,
1068 767 1148 786 assc-

27 835 102 854 rens
127 823 167 853 ab
192 821 314 854 eodem
346 820 491 862 Origene
522 819 556 851 in
591 820 674 852 locis
707 820 777 852 aliis
811 819 986 864 disputata.
1036 817 1151 860 Quod,

26 883 89 915 nisi
112 883 184 927 ipsa
208 883 282 914 loca
307 881 551 920 monstraverit,
577 882 665 914 unde
680 881 882 914 transtulisse
906 893 939 912 se
955 879 1048 918 dicit,
1071 891 1151 921 pro-

26 946 104 978 bare
143 957 211 977 non
249 943 405 987 poterit.«
470 943 647 975 Praeterea
690 956 764 974 cum
801 942 892 975 istius
927 939 1150 973 translationis

26 1005 227 1050 exemplaria
251 1005 382 1046 legisset
399 1004 635 1051 Hieronymus,
662 1015 692 1036 et
710 1004 906 1037 contulisset
927 1016 1002 1035 cum
1018 1013 1150 1043 graeco,

25 1068 132 1107 illico,
155 1077 192 1100 ut
215 1076 331 1099 monet
356 1067 475 1099 eodem
502 1066 608 1106 libro,
637 1065 872 1098 animadvertit
905 1077 1008 1108 »quae
1034 1062 1150 1103 Orige-

25 1143 84 1163 nes
108 1131 150 1162 de
174 1130 273 1162 Patre
299 1139 332 1160 et
355 1128 447 1160 Filio
475 1137 506 1160 et
531 1127 659 1172 Spiritu
683 1137 796 1160 sancto
822 1127 924 1171 impie
951 1127 1094 1163 dixerat,
1119 1132 1149 1154 et

27 1205 110 1237 quae
134 1193 304 1224 Romanae
340 1201 435 1222 aures
470 1190 557 1222 ferre
593 1203 660 1221 non
691 1197 867 1233 poterant,
907 1189 940 1220 in
972 1186 1147 1218 meliorem

26 1263 154 1298 partem
184 1254 224 1285 ab
249 1252 430 1296 interprete
458 1260 680 1292 commutata;
711 1260 818 1283 cetera
852 1259 963 1282 autem
992 1250 1149 1289 dogmata

26 1315 67 1347 de
90 1314 283 1356 angelorum
308 1313 418 1353 ruina;
451 1313 491 1344 de
518 1312 700 1344 animarum
726 1312 836 1356 lapsu3
869 1312 910 1343 de
935 1308 1149 1342 resurrectio·

25 1376 75 1409 nis
99 1375 301 1420 praestigiis3
337 1375 377 1406 de
411 1374 537 1406 mundo
573 1375 623 1406 vel
657 1373 879 1406 intermundis
911 1371 1068 1416 Epicuri3
1108 1371 1148 1401 dc

25 1438 234 1470 restitutione
267 1436 417 1468 omnium
450 1436 483 1468 in
515 1436 686 1480 aequalem
718 1445 857 1474 statum,
897 1444 928 1466 et
958 1433 1065 1465 multo
1099 1431 1148 1463 his

27 1498 206 1538 deteriora,
231 1511 315 1543 quae
340 1498 477 1539 longum
501 1507 585 1530 esset
610 1508 772 1536 retexere,
798 1498 850 1529 vel
876 1497 919 1528 ita
944 1494 1089 1532 vertisse,
1114 1502 1149 1524 ut

27 1560 61 1593 in
84 1573 203 1603 graeco
227 1560 417 1600 invenerat,
448 1559 500 1591 vel
532 1561 573 1592 de
599 1559 883 1592 commentariolis
909 1557 1066 1602 Didymi,
1091 1554 1149 1599 qui

27 1622 180 1665 Origenis
211 1621 435 1666 apertissimus
466 1631 698 1666 propugnator
727 1630 792 1660 est,
823 1628 1012 1661 exaggerata
1037 1627 1070 1650 et
1093 1617 1149 1649 fir-

26 1684 134 1717 miora
157 1683 338 1729 posuisse.«
391 1682 496 1715 Fallit
527 1696 603 1726 ergo
639 1683 796 1721 Rufinus,
826 1695 971 1714 asserens
1000 1693 1035 1712 se
1066 1678 1150 1711 nihil

28 1746 310 1779 suum‘vertendo
337 1744 465 1784 dixisse,
490 1745 548 1777 sed
575 1745 673 1777 »licet
698 1745 731 1777 in
756 1744 828 1776 aliis
854 1744 937 1775 locis
962 1742 1065 1780 dicta,
1091 1752 1149 1772 sua

28 1817 139 1840 tamen
183 1807 321 1849 Origeni
363 1805 578 1845 rcddidisse,«
624 1819 698 1838 cum
744 1815 883 1840 testetur
924 1804 1149 1848 Hieronymus

27 1870 134 1902 multa
156 1868 254 1900 illum
279 1869 320 1900 de
345 1867 630 1901 commentariolis
654 1868 794 1914 Didymi
825 1866 970 1900 versioni
999 1877 1076 1897 suae
1100 1864 1150 1897 in-

28 1930 178 1964 seruisse.
225 1929 319 1962 Idem
342 1929 568 1975 Hieronymus
592 1929 648 1962 lib.
669 1930 699 1962 2.
724 1930 879 1962 adversus
903 1927 1061 1960 Rufinum
1087 1925 1147 1958 ait:

32 1993 89 2025 »ln
111 1991 222 2037 primo
249 1991 336 2023 libro
362 1994 443 2037 περὶ
468 1991 607 2036 ἀρχῶν,
640 1991 698 2023 ubi
730 1992 892 2033 Origenes
914 1989 1024 2031 lingua
1048 1986 1149 2020 sacri—

29 2056 103 2097 lega
133 2052 390 2097 blasphemavit,
429 2053 521 2096 quod
551 2053 659 2085 Filius
689 2053 821 2085 Patrem
849 2065 917 2084 non
950 2050 1078 2089 videat,
1112 2059 1149 2081 tu

33 2116 133 2149 etiam
157 2127 269 2148 causas
292 2113 403 2146 reddis
428 2114 521 2158 quasi
546 2127 583 2146 ex
600 2128 742 2159 persona
766 2114 845 2159 ejus,
870 2113 928 2158 qui
951 2111 1092 2156 scripsit,
1119 2120 1152 2142 et

32 2177 177 2222 Didymi
200 2176 426 2221 interpretaris
457 2177 622 2220 σχόλιον,
659 2177 692 2208 ἰι]
724 2190 790 2220 quo
822 2177 880 2208 ille
915 2188 1004 2208 casso
1035 2175 1150 2206 labore

36 2249 174 2274 conatur
197 2238 342 2272 alienum
367 2238 516 2270 laborem
549 2238 747 2277 defendere,
778 2238 870 2282 quod
896 2237 1056 2279 Origenes
1081 2234 1153 2279 qui-

37 2302 113 2335 dem
136 2302 222 2334 bene
247 2299 385 2340 dixerit,
418 2299 475 2333 sed
508 2313 568 2332 nos
600 2299 766 2344 simplices
797 2299 948 2333 homines
973 2308 1005 2331 et
1029 2297 1154 2331 cicures
