1404 2463
129 116 197 152 474
622 117 799 153 Ometms

131 220 203 240 eam
234 207 420 239 secundum
451 206 697 251 proprietatem
723 207 913 252 subjicient.
962 207 1143 254 Quibus')
1168 209 1268 243 etiam

128 281 191 301 nos
225 268 489 313 acquiescimus,
522 268 580 312 qui
612 269 706 301 omni
739 282 859 311 genere
884 270 1063 303 abnuimus
1086 271 1269 313 ingenitam

128 331 184 363 vel
222 330 382 363 infectam
420 329 489 362 dici
524 330 698 363 materiam
739 332 875 370 debere,
889 331 923 375 ²)
957 333 1145 365 secundum
1176 333 1269 373 haec,

130 405 215 437 quae
239 392 273 424 in
298 392 482 436 prioribus,
505 400 611 436 prout
634 394 809 437 potuimus
827 394 1046 434 ostendimus,
1071 407 1148 427 cum
1166 393 1267 427 etiam

128 467 167 487 ex
191 466 288 498 aqua,
313 454 393 498 et³)
417 463 518 493 terra,
543 459 632 494 aere,
657 455 710 487 vel
736 455 849 488 calore
874 468 937 500 per
961 456 1091 489 diversa
1107 457 1275 488 arborum·

127 528 249 558 genera
289 516 438 548 diversos
479 515 688 549 ostendimus
726 517 876 560 proferri
912 519 1059 559 fructus;
1099 518 1154 550 vel
1189 530 1267 550 cum

126 578 259 620 ignem,
290 582 421 616 aerem,
453 589 592 622 aquam,
625 587 818 623 terramque
851 579 975 612 mutari
1005 579 1040 612 in
1065 588 1173 612 semet
1195 579 1267 623 ipsa

126 639 284 678 invicem,
309 651 347 671 ac
371 639 496 671 resolvi
521 639 612 672 aliud
637 639 670 672 in
694 641 786 673 aliud
813 642 1019 674 elementum
1044 650 1162 674 mutua
1186 653 1268 685 qua·

127 702 205 734 dam
239 700 526 742 consanguinitate
560 702 755 734 docuimus:
793 703 851 735 sed
879 711 912 734 et
937 715 1013 736 cum
1039 704 1081 735 de
1106 702 1189 735 escis
1212 702 1267 734 vel

126 763 324 802 hominum,
354 762 409 794 vel
441 761 638 795 animalium
670 763 891 807 probavimus
914 764 1132 797 substantiam
1158 763 1266 797 carnis

127 825 303 863 exsistere,
337 824 390 856 vel
416 824 596 856 humorem
621 824 757 857 seminis
780 825 942 858 naturalis
965 825 1000 858 in
1024 838 1160 858 carnem
1183 825 1268 858 soii—

125 888 204 920 dam
242 897 383 929 ossaque
421 884 608 918 convertis
645 885 745 929 Quae
784 886 898 918 onmia
934 887 1142 920 documento
1177 896 1266 926 aunt,

125 948 220 993 quod
249 946 435 980 substantia
468 947 656 991 corporalis
688 948 924 992 permutabilis
948 948 1008 989 sit,
1047 958 1081 982 et
1105 961 1144 981 ex
1169 948 1265 981 omni

123 1011 157 1042 in
183 1021 321 1042 omnem
345 1008 502 1041 deveniat
525 1008 734 1053 qualitatem.

212 1071 266 1107 34.
307 1072 552 1103 Verumtamen
576 1070 665 1103 illud
689 1071 776 1104 scire
801 1080 952 1116 oportet,
975 1072 1068 1116 quod
1091 1083 1264 1117 nunquam

123 1133 305 1167 substantia
329 1132 401 1165 sine
426 1131 587 1176 qualitate
611 1131 780 1174 subsistit,
810 1134 870 1167 sed
893 1132 1071 1167 intellectu
1095 1135 1171 1167 solo
1196 1136 1265 1169 dis-

127 1195 295 1235 cernitur,
327 1195 393 1227 hoc
425 1195 518 1238 quod
533 1193 566 1238 ⁴)
597 1193 748 1239 subjacet
777 1195 997 1240 corporibus,
1031 1205 1064 1229 et
1091 1197 1185 1242 quod
1212 1210 1267 1230 ca—

122 1270 186 1302 pax
218 1266 269 1290 est
302 1255 489 1301 qualitatis,
521 1257 638 1299 esse⁵)
669 1256 819 1290 materia.
868 1256 1018 1300 Quidam
1050 1258 1151 1292 altius
1183 1272 1263 1302 ergo

121 1320 164 1352 de
195 1318 246 1351 his
276 1318 429 1350 volentes
460 1317 651 1362 inquirere,
688 1319 759 1351 ausi
789 1328 866 1351 sunt
890 1319 1024 1361 dicere,
1059 1321 1143 1353 nihii
1168 1321 1262 1354 aliud

122 1393 194 1413 esse
217 1388 370 1412 naturam
385 1378 420 1422 ⁶)
445 1392 647 1423 corpoream
673 1393 773 1424 quam
798 1381 986 1424 qualitates.
1024 1381 1062 1415 Si
1086 1383 1175 1415 enim
1201 1384 1263 1415 du·

121 1441 197 1475 ritia
223 1451 257 1474 et
280 1440 462 1480 mollities,
495 1441 642 1473 calidum
668 1450 701 1473 et
726 1441 903 1483 frigidum,
935 1442 1112 1477 humidum
1138 1453 1172 1476 et
1195 1444 1260 1477 ari-

121 1505 204 1537 dum
229 1501 419 1547 qualitas7)
446 1511 504 1541 est,
529 1502 579 1534 his
603 1512 729 1543 autem,
753 1502 807 1535 vel
832 1503 952 1536 ceteris
975 1503 1171 1549 hujusmodi
1191 1519 1261 1538 am—

119 1565 245 1611 putatis
274 1564 357 1596 nihil
381 1563 474 1595 aliud
499 1563 700 1606 intelligitur
723 1563 915 1609 subjacere,
945 1565 1152 1599 videbuntur
1175 1579 1260 1612 qna-

121 1627 233 1659 litates
257 1638 328 1658 esse
354 1625 479 1657 omnia.
527 1625 627 1658 Unde
653 1635 686 1658 et
710 1625 762 1665 hi,
786 1625 845 1669 qui
868 1625 950 1658 haec
973 1637 1140 1670 asserunt,
1171 1641 1260 1662 asse—

119 1700 235 1720 verare
268 1685 380 1719 conati
410 1696 505 1727 sunt,
537 1695 575 1719 ut
599 1687 808 1732 quoniamss)
836 1700 970 1728 omnes,
1001 1688 1060 1733 qui
1082 1689 1259 1723 materiam

212 1822 243 1867 ⁸)
269 1821 340 1855 Cfr.
367 1821 419 1853 ed.
446 1821 577 1865 Redep.
603 1834 676 1866 pag.
703 1821 781 1856 376.
807 1830 878 1854 not.
904 1822 935 1857 9.

209 1879 246 1922 ²)
271 1877 330 1911 Sic
354 1878 437 1911 Mss.
460 1876 554 1909 Editi
585 1877 632 1920 (v.
667 1890 692 1909 c.
723 1878 801 1910 edd.
826 1878 892 1923 M.)
925 1879 1083 1920 „debem
1130 1878 1258 1912 Secun-

119 1925 200 1957 dum
224 1924 307 1956 haec
331 1923 420 1955 enim
446 1922 480 1954 in
504 1921 698 1966 prioribus“
725 1932 788 1957 etc.
814 1923 853 1955 R.
873 1943 913 1949 -—
940 1923 1010 1958 Cfr.
1035 1923 1095 1958 lib.
1116 1923 1155 1958 ll.
1182 1937 1256 1970 pag.

117 1970 187 2013 (ed.
212 1968 337 2012 Ruaei)
364 1967 439 2002 162.
463 1980 554 2012 seqq.

209 2024 245 2067 δ)
269 2023 358 2057 Edd.
382 2023 432 2056 M.
459 2023 534 2064 „vel
559 2035 655 2067 aqua,
680 2024 733 2056 vel
758 2029 846 2064 aere,
871 2023 946 2056 vel“
973 2033 1035 2057 etc.

211 2079 245 2122 ⁴)
270 2079 357 2112 Edd.
382 2079 433 2112 M.
461 2082 586 2123 „quo.“

211 2134 245 2176 ⁶)
270 2133 327 2168 Sic
360 2144 451 2166 recte
483 2136 562 2168 Mss.
591 2134 683 2167 Male
717 2147 796 2167 vero
832 2134 914 2167 editi
946 2137 990 2179 (v.
1021 2151 1047 2168 c.
1078 2137 1154 2169 cdd.
1188 2138 1255 2180 M.)

119 2180 274 2223 „est.“R.
346 2180 381 2221 ὃ)
397 2180 453 2212 Sic
468 2180 546 2212 MsS.
566 2179 659 2212 Editi
678 2181 725 2224 (v.
743 2193 771 2212 c.
786 2181 865 2213 edd.
880 2179 948 2223 M.)
976 2182 1251 2222 „materiam.“R.

210 2236 244 2279 ⁷)
268 2235 333 2268 Ed.
358 2234 407 2268 M.
434 2235 477 2267 ΙΙ.
505 2235 704 2279 „qualitates
727 2236 826 2269 sint-⁶⁵

209 2292 244 2336 8)
268 2290 331 2337 Ed.
357 2288 406 2323 M.
436 2290 474 2322 ll.
504 2291 737 2334 „quoruod0.“
