1404 2463
422 122 466 144 DE
491 111 682 144 ancmns
705 109 816 142 Lmen
844 109 898 142 ΙΙΙ.
1159 107 1224 142 283

110 202 284 247 imperitus
316 210 347 233 et
375 202 548 240 indoctus,
585 199 724 243 isque¹)
756 200 898 231 sentiens
929 197 1115 242 imperitiae
1146 212 1222 232 suae

111 274 225 298 notam
249 263 317 296 sive
341 262 571 296 adhortatione
597 260 800 306 cujusquam,
824 261 893 293 sive
912 260 1123 304 prudentium
1141 274 1224 305 quo-

110 340 250 371 rumque
285 325 504 359 aemulatione
543 323 709 367 pulsatus,
751 323 858 354 tradat
888 335 922 354 se
953 322 1068 361 alicui,
1107 335 1124 354 a
1156 319 1222 367 quo

110 388 255 421 confidat
287 399 383 431 posse
406 398 439 418 se
464 384 638 425 diligenter
661 384 785 423 imbui,
824 393 856 416 et
887 393 1116 427 competenter
1147 398 1221 416 ern-

113 450 186 484 diri.
234 451 264 482 Is
289 461 384 489 ergo,
415 446 470 490 qui
505 446 568 490 jam
593 445 684 489 prius
709 447 787 489 562)
814 446 1078 489 obduraverat3)
1104 446 1138 478 in
1161 446 1223 477 im-

109 510 237 556 peritia,
262 510 289 542 si
312 522 358 549 se,
382 517 418 540 ut
443 507 593 546 diximus,
618 521 692 539 cum
719 507 810 540 omni
834 507 934 539 animi
959 507 1142 539 intentione
1167 509 1223 539 dat

109 572 275 614 magistro,
297 580 393 614 atque
419 570 724 612 obtemperaturum
750 582 783 600 se
809 568 840 600 in
867 569 1019 600 omnibus
1044 569 1223 613 repromit-

108 633 157 673 tit,
181 631 345 677 propositi
372 631 439 676 ejus
463 630 648 662 intentione
673 639 846 674 perspecta
871 640 1101 673 competenter
1124 631 1222 663 etiam

108 694 261 735 magister
284 692 502 737 pollicebitur
525 693 710 724 ablaturum
735 704 768 723 se
794 692 834 722 a'b
861 703 900 722 eo
928 704 1060 723 omnem
1087 691 1222 735 imperi-

106 755 203 796 tiam,
234 764 266 786 et
297 754 494 786 inserturum
526 752 700 797 peritiam;
734 766 800 785 non
835 765 900 797 quo
936 753 1092 785 abnuenti
1125 753 1223 786 disci-

104 817 204 861 pulo,
237 816 290 848 vel
321 815 473 847 renitenti
502 814 565 846 hoe
601 827 634 846 se
658 816 832 858 promittat
855 827 924 846 esse
949 815 1130 854 facturum,
1164 817 1222 849 sed

105 878 261 911 offerenti
299 890 333 909 se
370 885 467 920 atque
507 875 539 908 in
573 889 707 908 omnem
739 875 962 908 obedientiam
999 877 1220 921 mancipanti:

103 939 148 972 ita
162 939 194 984 4)
220 948 251 971 et
276 938 406 971 divinus
430 951 540 969 sermo
565 937 733 981 promittit
757 937 821 976 his,
847 937 902 981 qui
927 938 1087 970 accedunt
1111 940 1150 971 ad
1176 952 1221 979 se,

105 1002 291 1034 ablaturum
316 1013 350 1032 se
375 1012 443 1031 esse
469 1012 527 1031 cor
550 999 737 1044 lapideum.
769 1012 835 1031 non
860 1000 975 1043 utique
999 1001 1039 1031 ab
1066 1000 1131 1039 his,
1164 1001 1220 1045 qui

104 1075 139 1095 se
162 1075 229 1094 non
255 1061 403 1099 audiunt,
435 1061 491 1093 scd
517 1062 557 1092 ab
583 1061 643 1100 his,
668 1060 723 1105 qui
748 1060 918 1092 doctrinae
943 1074 1019 1092 suae
1044 1072 1222 1107 praecepta

104 1124 304 1168 suscipiunt;
342 1123 427 1155 sicut
459 1122 491 1154 in
516 1122 702 1163 Evangeliis
726 1122 912 1154 invenimus
936 1132 1141 1164 aegrotantes
1167 1137 1221 1157 ac-

105 1187 223 1219 cedere
255 1186 295 1217 ad
320 1185 546 1223 salvatorem,
580 1193 797 1225 rogantesvut
827 1183 1012 1228 percipiant
1035 1184 1218 1227 sanitatem,

105 1257 138 1279 et
160 1247 204 1280 ita
229 1247 362 1278 demum
389 1245 502 1277 curari.
549 1244 592 1276 Et
617 1254 664 1277 est
689 1245 832 1289 quidem,
858 1245 950 1277 verbi
974 1247 1085 1287 gratia,
1109 1256 1147 1279 ut
1165 1261 1220 1280 cu-

105 1317 220 1340 rentur
253 1307 359 1346 caeci,
383 1315 416 1338 et
440 1307 590 1346 videant,
619 1306 653 1338 iu
679 1319 718 1338 eo
744 1307 897 1351 quidem,
928 1308 1018 1351 quod
1044 1309 1168 1352 precati
1186 1311 1219 1354 ⁵)

105 1380 181 1403 sunt
204 1369 428 1409 Salvatorem‚
461 1377 493 1400 et
518 1368 729 1401 crediderunt
754 1368 782 1400 ei
807 1381 904 1412 posse
928 1381 961 1400 se
975 1369 1006 1412 6)
1031 1370 1072 1401 ab
1097 1382 1137 1402 eo
1164 1383 1219 1401 cu-

104 1431 186 1471 rari,
223 1443 306 1475 opus
337 1430 506 1474 ipsorum,
539 1429 594 1474 qui
619 1429 721 1462 curati
746 1439 836 1462 sunt:
873 1430 905 1461 in
932 1442 971 1462 eo
998 1443 1096 1470 vero,
1120 1432 1218 1475 (125)

104 1493 194 1538 quod
219 1493 257 1524 iis
280 1492 430 1523 redditur
455 1491 551 1531 visus,
575 1504 658 1535 opus
685 1500 732 1523 est
754 1491 943 1524 Satvatoris.
992 1492 1037 1524 Ita
1063 1493 1160 1525 etiam
1185 1493 1219 1526 in

103 1554 168 1587 hoc
198 1554 326 1586 divinus
358 1566 468 1585 sermo
499 1553 681 1598 promittit,
724 1553 876 1585 daturum
906 1566 940 1585 se
966 1566 1034 1585 esse
1059 1555 1219 1587 eruditio-

104 1629 180 1648 nem
204 1615 385 1647 auferendo
412 1628 469 1647 cor
492 1615 679 1658 lapideum,
702 1614 736 1646 id
762 1624 808 1646 est
832 1616 1098 1659 abstergend07)
1123 1617 1219 1648 mali-

108 1677 206 1716 tiam,
241 1686 277 1708 ut
305 1676 433 1721 possint
457 1689 518 1720 per
541 1676 603 1708 hoc
627 1677 660 1708 in
685 1675 803 1708 divinis
827 1676 996 1709 ambulare
1020 1679 1216 1723 praeceptis,

107 1747 140 1770 et
163 1738 241 1780 legis
265 1739 416 1770 mandata
439 1750 576 1772 servare.

196 1799 249 1834 16.
296 1800 421 1841 Postss)
457 1799 667 1843 propositum
706 1798 802 1831 uobis
838 1808 886 1831 est
921 1799 1018 1832 etiam
1056 1800 1141 1833 illud
1176 1802 1216 1834 de

200 1912 230 1954 ¹)
259 1911 303 1943 lta
327 1910 406 1943 Mss.
436 1909 527 1941 Libri
559 1909 639 1941 editi
670 1910 715 1953 (v.
747 1923 774 1942 c.
806 1910 880 1943 edd.
906 1911 970 1955 M.)
1005 1911 1049 1944 »is
1081 1913 1216 1957 quidem

107 1957 278 1990 senticum
306 1956 344 1988 R.
439 1955 472 1997 ²)
497 1955 601 1986 Deest
627 1959 700 1995 „se“
726 1954 759 1986 iu
785 1956 859 1990 edd.
886 1956 933 1989 M.

198 2014 231 2056 ³)
256 2012 318 2044 Ed.
343 2012 389 2043 Μ.
416 2011 457 2043 ll.
481 2011 738 2051 „obduruerat:“

198 2069 231 2112 ⁸)
259 2068 342 2099 Vide
369 2065 424 2098 lib.
450 2065 494 2098 ll.
520 2066 750 2107 Origenianor.
775 2077 897 2111 quaest.
925 2068 995 2101 Vll.
1022 2083 1111 2104 num.
1139 2071 1190 2105 14.

198 2125 230 2167 ⁵)
255 2124 316 2155 Ed.
342 2123 389 2155 M.
416 2123 438 2154 Ι.
463 2122 565 2154 male:
592 2122 822 2166 „praedicantia

197 2181 230 2223 ⁶)
255 2180 356 2211 Deest
384 2190 455 2216 fise«
482 2177 514 2209 in
539 2178 614 2209 edd.
639 2177 685 2210 M.

196 2236 228 2274 Ἰ)
252 2235 315 2268 Ed.
343 2235 386 2266 M.
408 2234 430 2266 l.
458 2233 743 2275 „abstringendo.“

197 2294 231 2335 ³)
257 2291 339 2323 Edd.
367 2290 411 2323 M.
439 2289 540 2331 „Post
564 2289 627 2323 hoc
651 2291 893 2335 propositum.«
