1404 2463
207 113 274 146 420
701 112 880 146 Ostiensis

212 201 374 234 mentium
401 210 532 241 motus,
565 201 709 246 qualiter
744 215 807 246 per
838 201 985 234 divinam
1010 201 1256 246 providentiam
1282 201 1347 234 dis—

212 272 407 309 pensentur,
432 263 508 307 plus
534 264 671 308 quidem
697 263 862 302 homines,
885 265 999 307 n0n¹)
1024 277 1142 308 parum
1161 272 1284 303 tamen,
1309 271 1346 295 ut

212 339 273 367 ego
298 325 462 365 arbitror,
494 324 596 356 etiam
621 326 756 366 angelos
784 326 874 358 latet.
922 325 990 357 Sed
1016 325 1101 357 sicut
1124 338 1192 357 non
1218 325 1346 357 idcirco

212 387 380 420 refellitur
405 386 516 419 divina
541 387 755 430 providentia
781 388 821 418 ab
848 387 896 419 his
921 388 1076 426 maxime,
1101 387 1159 431 qui
1185 399 1256 418 eam
1276 399 1346 419 esse

213 449 295 482 certi
325 458 419 487 sunt,
456 447 560 492 qui'-‘)
594 461 696 492 opera
723 448 792 490 ejus
826 449 878 480 vel
903 448 1169 493 dispensationes
1195 447 1347 481 humanis

213 510 352 553 ingeniis
385 509 672 554 comprehendere
706 523 773 542 non
806 519 964 553 possunt:
1011 509 1054 542 ita
1086 523 1127 543 ne
1151 500 1347 555 Scripturae

213 572 351 617 quidem
384 580 514 604 sanctae.
547 570 659 604 divina
690 584 761 604 esse
793 571 986 616 inspiratio,
1023 585 1107 616 quae
1132 585 1195 617 per
1225 584 1349 616 corpus

213 634 284 679 ejus
305 632 514 672 extenditur,
538 642 718 677 propterea
743 646 811 666 non
836 634 1026 678 putabitur,
1057 635 1150 679 quod
1175 634 1351 667 infirmitas

216 694 456 737 intelligentiae
490 705 624 727 nostrae
660 708 728 728 non
763 697 849 728 valet
874 709 935 740 per
958 696 1084 737 singula
1110 697 1210 728 verba
1236 695 1349 744 occul-

215 768 262 790 tas
289 767 321 789 et
346 757 487 789 latentes
512 756 709 798 investigare
735 758 925 798 sententias,
951 759 1030 790 dun)
1056 758 1089 790 iu
1116 757 1293 790 vilioribus
1318 765 1351 788 et

216 818 374 852 incomtis
407 819 587 851 verborum
628 819 770 850 vasculis
805 819 937 851 divinae
968 819 1150 863 sapientiae
1181 819 1352 851 thesaurus

216 880 454 920 absconditur,
478 880 566 912 sicut
597 889 628 914 et
654 880 830 924 apostolus
857 880 1022 922 designat,
1048 881 1180 912 dicens:
1219 880 1353 921 „Habe-

217 944 336 985 nlu53)
361 951 472 974 autem
506 941 699 973 thesaurum
731 942 818 974 hunc
844 942 876 974 in
903 943 985 974 vasis
1011 942 1209 981 fictilibus‚“
1247 951 1285 973 ut
1309 953 1351 972 eo

219 1004 322 1046 magis
354 1003 485 1036 divinae
517 1003 689 1047 potentiae
715 1004 817 1036 virtus
843 1004 1021 1045 effulgeat,
1052 1005 1132 1036 dum
1157 1003 1270 1036 nullus
1294 1003 1354 1034 hu-

222 1080 339 1099 manae
373 1064 635 1109 eloquentiae⁴)
660 1065 756 1097 fucus
784 1066 817 1097 in
850 1066 1047 1108 dogmatum
1073 1065 1212 1098 veritate
1235 1065 1354 1098 misce-

219 1139 283 1162 tur.
331 1127 369 1161 Si
394 1126 483 1159 enim
509 1126 562 1158 vel
587 1136 656 1159 arte
682 1127 859 1167 rhetorica,
885 1128 938 1159 vel
963 1127 1201 1172 philosophica
1226 1127 1356 1160 caltidi-

220 1201 287 1224 tate
314 1188 497 1234 conscripti
523 1188 601 1221 libri
625 1189 731 1222 nostri
755 1190 797 1222 ad
823 1191 1030 1223 credendum
1057 1189 1225 1222 illicerent
1247 1189 1356 1222 homi—

219 1267 298 1292 nes,
335 1252 406 1284 sine
439 1250 545 1283 dubio
577 1251 660 1283 fides
684 1260 797 1284 nostra
822 1261 997 1297 putaretur
1020 1251 1054 1283 in
1081 1253 1260 1283 verborum
1285 1260 1355 1284 arte

223 1314 423 1353 consistere,
455 1323 553 1357 atque
584 1313 618 1345 in
643 1313 804 1358 sapientia
828 1314 990 1354 humana,
1026 1323 1061 1345 et
1083 1326 1151 1345 non
1176 1312 1212 1345 iu
1236 1313 1356 1346 virtute

223 1377 299 1409 Dei.
347 1378 444 1409 Nune
475 1388 557 1407 vero
589 1375 747 1408 omnibus
772 1385 893 1407 notum
918 1385 985 1415 est,
1017 1377 1107 1419 quod
1135 1375 1357 1419 praedicatio-

222 1439 272 1471 nis
298 1437 394 1482 liujus
431 1437 570 1469 verbum
595 1438 639 1469 ita
665 1450 682 1469 a
707 1437 964 1481 quamplurimis
989 1437 1022 1469 in
1046 1437 1139 1469 omni
1163 1449 1250 1481 pene
1274 1437 1358 1468 orbe

221 1510 414 1545 susceptum
446 1508 512 1539 est,
542 1508 579 1530 ut
610 1512 680 1531 non
705 1498 784 1542 in⁵)
808 1498 965 1530 suasoriis
990 1499 1154 1531 humanae
1168 1499 1201 1543 ²⁵)
1226 1497 1358 1543 sapien-

222 1564 288 1596 tiae
312 1563 439 1601 verbis,
471 1560 530 1593 sed
555 1559 589 1592 in
615 1559 841 1592 ostentatione
864 1559 999 1604 spiritus
1025 1569 1058 1592 et
1084 1559 1214 1592 virtutis
1239 1573 1310 1592 esse
1326 1560 1359 1604 ⁷)
1402 1602 1404 1606 Ι

222 1624 452 1666 intelligerent
484 1635 568 1666 quae
602 1622 792 1654 credebant.
839 1622 986 1666 Propter
1011 1623 1102 1666 quod
1129 1621 1269 1654 coelesti
1294 1621 1359 1654 vir·
1402 1622 1404 1626 '

225 1697 315 1725 tute,
346 1685 415 1718 imo
449 1683 550 1716 etiarn
575 1684 651 1728 plus
675 1696 775 1728 quam
800 1682 956 1723 coelesti,
985 1683 1031 1715 adr
1051 1684 1154 1716 fidem
1179 1683 1359 1716 credulita—

226 1746 409 1792 temqueS)
441 1745 616 1790 perducti,
652 1758 715 1790 pro
747 1757 789 1777 eo
820 1744 966 1784 scilicet,
1002 1754 1039 1777 ut
1069 1745 1180 1778 solum
1206 1745 1358 1778 omnium
1402 1771 1404 1776 .

321 1827 349 1870 ¹)
376 1825 465 1858 Edd.
492 1824 539 1856 M.
566 1836 654 1865 „non
679 1836 798 1868 parum
823 1822 941 1862 etiam,
966 1832 1003 1854 ut
1028 1823 1278 1864 ego'arbitror‚
1302 1837 1358 1856 an·
1402 1810 1404 1822 Ι

225 1872 318 1914 gelos
346 1871 437 1903 latet.

317 1928 352 1968 Ἰ)
377 1926 441 1959 Ed.
469 1925 517 1959 M.
545 1926 586 1957 ll.
614 1925 761 1969 „qu0d.“
859 1924 893 1967 3)
919 1923 988 1957 Cfr.
1017 1924 1047 1955 ll
1075 1923 1154 1960 Cur.
1179 1925 1236 1965 lV,
1260 1925 1289 1960 7.

317 1983 350 2026 ⁴)
378 1982 435 2015 Sic
460 1980 541 2014 Mss.
568 1981 658 2013 Editi
685 1982 730 2025 (v.
756 1994 784 2012 c.
810 1980 887 2012 edd.
915 1979 980 2022 Μ.)
1007 1978 1356 2022 „intelligentiae-“R.

318 2040 351 2082 ⁵)
376 2038 483 2070 Deest
508 2036 585 2079 „in“
611 2037 644 2069 in
670 2038 721 2071 ed.
750 2038 798 2071 M.
823 2037 847 2070 l.

319 2095 353 2137 ⁶)
379 2095 485 2127 Deest
511 2094 716 2135 „human-iffi
743 2093 776 2125 in
802 2093 854 2127 ed.
880 2093 928 2125 M.
953 2093 978 2126 l.

321 2151 351 2191 ⁷)
377 2150 433 2183 Sic
459 2150 540 2185 Mss.
566 2149 659 2184 Edit}
691 2162 771 2182 vero
805 2150 852 2193 (v.
886 2162 913 2182 c.
949 2149 1026 2181 edd.
1053 2148 1118 2193 M.)
1155 2148 1274 2191 „etiam
1307 2149 1358 2182 in-

223 2194 445 2236 telligerent.“
473 2196 512 2228 R.

318 2251 351 2294 ⁸)
378 2250 433 2283 Sic
458 2251 537 2283 Mss.
565 2250 657 2283 Editi
692 2251 738 2293 (v.
775 2264 801 2282 ο.
829 2249 904 2281 edd.
931 2249 996 2293 Μ.)
1032 2249 1356 2295 „credulitatemque
1391 2234 1396 2275 l

228 2305 347 2341 putent
372 2308 406 2327 se
431 2295 602 2339 perduci.“
629 2297 670 2328 R.
