1404 2463
294 99 470 132 Omoemus
497 107 542 130 DE
570 97 764 131 ancwns
790 98 903 131 Lmen
929 99 983 132 lV.
1145 100 1209 135 407

72 187 268 231 Scripturis,
295 200 379 232 quae
404 199 466 219 nos
493 195 728 230 competenter
745 187 913 220 moverint
929 189 1162 231 proferente-⁵⁴,
1177 190 1208 233 ¹)

71 250 105 281 id
132 258 197 288 cst,
224 250 265 281 de
293 250 388 281 Mose
412 247 523 291 primo
550 246 741 288 legislatore
765 248 872 289 gentis
897 249 1087 289 Hebraeae,
1112 260 1144 282 et
1170 264 1207 282 ex

73 310 183 342 verbis
215 311 295 342 Jesu
330 309 472 347 Christi,
505 309 652 340 auctoris
684 318 716 341 et
746 309 908 353 principis
935 310 1206 345 Christianorum

68 371 240 412 religionis
274 381 307 403 et
341 369 517 412 dogmatis.
567 369 652 401 Cum
685 370 773 402 enim
787 371 820 414 ²)
852 371 1014 414 permuiti
1039 371 1207 412 legislato-

69 444 120 464 res
146 432 330 464 exstiterint
353 433 442 476 apud
461 432 610 464 Graecos
636 440 669 462 et
684 430 862 470 Barbaros,
887 431 1103 475 innumeri³)
1121 445 1206 476 quo-

68 502 133 537 que
158 493 222 525 sint
246 494 421 532 doctores,
452 493 505 524 ve!
531 492 746 537 philosophi,
779 492 953 525 veritatem
979 506 1013 525 se
1038 493 1206 537 pollicen—

67 563 116 586 tes
149 566 313 586 asserere:
351 554 482 586 nullum
516 553 733 586 meminimus
775 553 1003 594 legisiatorem
1043 555 1204 587 affectum

66 616 232 659 quendam
268 624 300 647 et
324 615 477 663 studium?
499 615 598 647 etiam
625 623 811 646 exterarum
839 615 987 656 gentium
1012 615 1131 648 animis
1155 615 1205 647 in—

66 676 168 721 jicere
195 676 354 719 potuisse,
381 685 418 707 ut
444 676 531 717 leges
556 689 629 709 suas
655 676 708 707 vel
733 676 942 720 susciperent
967 676 1123 717 libenter,
1149 677 1202 708 vel

66 736 166 768 etiam
209 736 300 768 omni
339 736 442 769 animi
477 737 668 770 intentione
702 737 933 770 defenderem.
980 738 1091 770 Nemo
1124 749 1203 778 ergo

66 810 157 837 earn,
181 810 265 841 quae
291 797 353 830 sibi
381 798 448 831 visa
475 807 543 837 est,
570 798 744 830 veritatem
771 811 838 830 non
865 798 964 842 (157)
991 798 1103 829 solum
1128 798 1204 841 pflu-

65 859 156 891 ribus
181 859 254 891 aliis
280 859 400 891 exteris
425 859 636 900 nationibus,
668 861 726 892 sed
752 873 794 892 ne
818 859 876 891 uni
903 860 1041 903 quidem
1067 859 1202 902 gend‘)

64 921 108 952 ita
133 919 303 952 insinuare
328 929 429 965 atque
454 920 664 953 innotescere
689 920 821 965 potuit,
854 929 892 952 ut
922 921 964 952 ad
989 933 1106 952 omnes
1131 919 1202 964 ejus

63 981 202 1013 scientia
240 982 292 1013 vel
331 981 512 1014 credulitas
552 981 753 1024 perveniret.
803 981 847 1013 Et
884 981 1021 1025 quidem
1055 980 1203 1012 dubitari

63 1056 130 1075 non
162 1051 291 1086 potest,
330 1043 424 1086 quod
458 1042 662 1083 legisflatores
697 1041 933 1085 optaverint⁵)
966 1041 1136 1073 observari
1161 1043 1202 1073 ab

65 1104 240 1142 omnibus,
274 1103 300 1135 si
327 1102 400 1135 fieri
426 1112 559 1147 posset,
590 1103 783 1135 hominibus
809 1103 896 1144 leges
920 1116 1012 1142 suas,
1044 1111 1077 1134 et
1100 1103 1202 1144 magi-

65 1167 143 1207 stri,
177 1165 332 1197 omnibus
366 1164 623 1207 innotescerefi)
656 1177 746 1203 eam,
779 1177 864 1208 quae
895 1163 959 1196 sibi
985 1164 1051 1196 visa
1082 1165 1201 1202 fuerat,

64 1227 248 1260 veritatem.
296 1227 364 1259 Sed
389 1226 551 1265 scientes,
588 1226 663 1270 quia
679 1226 712 1269 7)
736 1224 769 1258 id
797 1225 937 1258 omnino
963 1238 1030 1260 non
1056 1234 1202 1269 possent,

63 1297 101 1321 ut
126 1288 229 1320 virtus
255 1288 288 1320 in
314 1287 354 1320 iis
379 1287 488 1331 aliqua
514 1296 602 1319 tanta
628 1287 833 1326 subsisteret,
859 1288 969 1331 qux-⁸)
997 1286 1095 1318 etiam
1114 1295 1201 1318 exte-

63 1363 114 1382 ras
139 1348 292 1381 nationes
317 1349 358 1380 ad
385 1349 494 1390 legum
520 1362 666 1389 suarum,
694 1348 745 1379 vel
771 1347 993 1380 assertionum
1021 1348 1201 1379 observan-

64 1411 144 1443 tiam
176 1419 422 1455 provocarent‚
459 1423 501 1441 ne
535 1409 647 1442 conari
682 1410 817 1453 quidem
853 1410 935 1448 boc,
971 1418 1027 1440 aut
1051 1408 1201 1451 incipere

65 1471 205 1503 omnino
237 1470 306 1504 ausi
340 1480 432 1510 sunt,
468 1484 511 1503 ne
529 1471 562 1515 ⁹)
595 1471 828 1515 imprudentes
857 1484 915 1503 eos
947 1470 1046 1503 etiam
1080 1469 1113 1501 in
1138 1469 1201 1501 hoc

162 1606 194 1648 ¹)
220 1605 277 1638 Sic
309 1603 391 1637 Mss.
415 1603 510 1636 Editi
541 1604 589 1647 (v.
621 1617 648 1635 c.
676 1604 750 1636 edd.
778 1604 844 1646 M.)
878 1603 1109 1646 »proferentes
1140 1602 1202 1634 ati-

66 1665 129 1696 qua
155 1652 196 1684 de
221 1651 321 1683 Mose
349 1669 387 1674 —
415 1649 602 1689 Hebraeae,
627 1657 660 1680 et
684 1647 795 1692 aliqua
821 1661 859 1680 ex
887 1647 1016 1680 verbis“
1044 1656 1107 1682 etc.
1133 1647 1172 1679 R.

156 1707 191 1749 ²)
216 1708 321 1739 Deest
347 1704 479 1745 „onim“
506 1704 540 1736 in
567 1704 644 1736 edd.
670 1703 719 1736 M.
1124 1728 1125 1731 ,

157 1762 193 1804 ³)
217 1763 274 1795 Sic
308 1762 385 1794 Mss.
410 1760 504 1793 Editi
537 1761 584 1804 (v.
617 1773 645 1793 c.
676 1760 752 1794 edd.
778 1759 843 1802 M.)
878 1758 1026 1800 „inventi
1063 1771 1199 1803 quoqne

63 1809 129 1841 sint
153 1808 332 1839 doctores“
358 1815 421 1838 etc.
446 1806 487 1838 R.

157 1863 191 1906 ⁴)
217 1863 272 1898 Sic
304 1860 386 1894 Mss.
418 1860 510 1894 Edit}
544 1861 590 1903 (v.
623 1873 650 1893 c.
681 1860 848 1903 edd.'M.)
887 1859 1000 1900 »genti
1031 1858 1199 1890 insinuare

65 1909 111 1942 ita
136 1918 234 1952 atque
259 1907 446 1939 inolescere
471 1906 617 1950 potuit.“
646 1906 685 1939 R.

158 1964 190 2007 ⁵)
216 1963 304 1995 Edd.
332 1963 378 1995 Μ.
404 1963 680 2002 „observarunt.“

157 2020 191 2062 6)
217 2018 272 2051 Sic
300 2017 381 2050 Mss.
406 2017 497 2050 Editi
523 2018 570 2061 (v.
597 2031 623 2049 e.
650 2017 726 2049 edd.
751 2016 816 2056 Μ.)
844 2008 1201 2059 „innotescere'super

67 2080 151 2104 eam,
177 2075 261 2108 quae
286 2062 369 2095 sibi“
397 2071 460 2096 etc.
486 2063 526 2095 R.
630 2061 663 2105 7)
688 2061 751 2094 Ed.
777 2061 825 2094 Μ.
847 2061 889 2094 ΙΙ.
917 2060 1065 2104 „quod.“

160 2119 275 2171 8)·Sic
299 2119 382 2152 Mss.
406 2117 498 2150 Editi
526 2119 571 2162 (v.
599 2131 625 2150 c.
652 2117 728 2150 edd.
753 2117 823 2168 M.)-
849 2129 955 2163 „quae
988 2115 1086 2148 etiarn
1113 2125 1201 2152 cete-

67 2179 118 2199 ras
142 2174 294 2197 nauunes
322 2184 360 2188 —
386 2172 599 2207 provocaret,
624 2175 685 2194 nec
710 2174 824 2194 conari
850 2161 1010 2206 quidem“
1037 2170 1099 2193 ete.
1125 2161 1164 2194 R.

161 2220 194 2264 ⁹)
220 2219 306 2252 Edd.
342 2219 402 2251 Μ(
425 2231 486 2260 „ne
518 2218 730 2262 impudentes
770 2230 827 2249 eos
865 2217 964 2252 ctiam
997 2217 1062 2249 hoc
1093 2217 1201 2249 ineffi—

70 2269 147 2298 σπι(
175 2273 235 2297 etc.

43 2159 59 2173 V
