1404 2463
186 69 249 105 166
660 74 836 106 ΟκιοΕΝ15

185 159 309 191 indicat
341 159 402 192 nisi
435 162 525 204 quod
558 162 736 195 auctoritas
769 165 937 195 veteribus
968 176 984 194 a
1010 163 1184 195 salvatore
1218 170 1249 192 ct
1274 161 1315 192 ab

187 222 257 266 ujus
289 221 461 265 discipulis
492 222 678 256 adhibetur.
726 227 794 258 Sed
829 234 860 256 et
894 223 995 261 illud,
1035 224 1125 267 quod
1158 223 1198 254 ad
1223 222 1317 254 beni-

187 283 342 325 gnitatem
374 297 560 327 provocans
597 285 780 330 discipulos
805 286 960 319 Salvator
987 284 1085 317 dicit:
1127 283 1263 324 „Estote
1285 285 1316 326 ¹)

188 344 348 389 perfecti,
373 345 459 376 sicut
485 355 518 378 et
541 345 642 378 Pater
666 358 774 381 vester
799 347 954 379 coelestis
979 347 1148 390 per-sectus
1167 354 1233 377 est:
1259 344 1316 388 qui

187 407 292 438 solem
324 419 421 438 suum
453 407 534 439 oriri
562 406 655 453 jubet
686 422 786 454 super
818 411 926 441 bonos
958 418 990 441 et
1014 408 1137 447 malos,
1174 417 1206 439 et
1229 406 1317 450 pluit

188 481 288 512 super
317 468 423 513 justos
456 477 488 500 et
512 468 695 514 injustos:«
735 471 885 514 cuivis2)
911 470 1008 503 etiam
1035 469 1168 511 exiguae
1193 468 1318 500 intelli-

189 531 317 571 gentiae
356 529 427 561 viro
465 529 750 564 evidentissimum
784 533 929 574 suggerit
961 531 1189 569 intellectum,
1227 530 1318 574 quod

190 604 259 623 non
297 590 400 623 alium
437 591 478 622 ad
515 591 711 626 imitandum
729 595 762 638 3)
798 593 1008 638 proponit')
1045 591 1217 636 discipulis
1252 590 1319 623 suis

190 652 321 692 Deum,
360 652 422 684 nisi
458 653 620 686 factorem
661 655 764 695 coeli,
807 666 836 687 et
876 655 1034 688 imbrium
1076 653 1318 698 praebitorem.

192 713 295 757 Quod
325 724 434 746 autem
469 715 568 755 dicit,
604 716 680 760 quia
715 727 847 749 orantes
879 727 1035 761 oporteat
1065 716 1196 749 dicere:
1235 714 1321 755 „Pa-

191 775 285 819 ter⁵)
310 785 433 812 noster,
459 777 515 820 qui
542 790 574 809 es
599 777 632 809 in
658 778 810 810 coelis:“
837 778 917 823 quid
944 778 1036 810 aliud
1061 778 1194 810 videtur
1211 785 1321 808 osten-

192 837 289 876 dere,
323 836 386 868 nisi
411 838 516 870 Deum
554 838 587 870 iu
620 840 816 872 melioribus
847 840 983 879 mundi,
1020 839 1052 871 id
1079 847 1128 871 est
1152 846 1321 870 creaturae

191 911 280 937 suae,
305 897 455 942 partibus
479 900 741 943 requirendum?
777 902 844 934 Sed
858 903 890 945 ὃ)
917 911 949 934 et
973 902 1065 945 quod
1089 901 1130 933 de
1154 898 1320 945 juramen-

190 958 233 991 tis
266 958 394 1003 optima
426 962 587 1005 quaedam
620 962 768 995 instituta
793 963 974 1001 definiens,
1009 962 1055 994 :nit
1084 964 1192 994 »non“
1219 974 1321 1005 opor-

193 1030 264 1052 tere
291 1019 441 1064 „jurm·e,
465 1036 574 1067 neque
600 1038 660 1068 per
684 1025 836 1063 coelum,
862 1024 938 1068 quia
963 1024 1056 1056 sedes
1081 1033 1130 1056 est
1154 1022 1238 1063 Dei;
1261 1035 1320 1054 ne—

194 1100 258 1132 que
281 1100 343 1131 per
365 1096 508 1126 terram,
534 1085 610 1130 quia
635 1085 819 1118 scabellum
846 1095 894 1117 est
916 1086 1042 1129 pedum
1068 1084 1183 1129 ejus:“
1208 1096 1321 1119 nonne

194 1147 401 1192 apertissime
435 1147 567 1179 videtur
599 1147 807 1191 propheticis
840 1147 978 1179 vocibus
1009 1159 1212 1186 consonare,
1251 1145 1325 1190 qui-

194 1210 256 1241 bus
282 1209 419 1241 dicitur:
458 1208 622 1249 „Caelum
637 1209 668 1252 ⁷)
702 1208 783 1240 mihi
807 1209 918 1248 sedes,
952 1218 1037 1241 terra
1062 1217 1173 1240 autem
1197 1207 1324 1240 scabel-

197 1271 267 1303 lum
297 1271 424 1315 pedum
448 1269 652 1302 Πιεοτυῐῐιῖα
694 1271 811 1312 Sed-⁵)
837 1279 868 1301 et
896 1284 912 1302 e
938 1270 1066 1314 templo
1093 1268 1229 1313 ejiciens
1254 1281 1322 1308 eos,

197 1332 255 1377 qui
289 1333 476 1364 vendebant
509 1344 603 1369 oves,
643 1342 675 1364 et
706 1333 826 1371 bove-S,
859 1342 891 1363 et
921 1331 1110 1370 columbas3
1147 1331 1324 1363 effundens

197 1406 331 1438 quoque
369 1406 497 1426 mensas
531 1393 852 1432 nummulariorum,
893 1402 925 1424 ot
957 1393 1088 1425 diceus:
1130 1391 1324 1435 »Tollite⁹)

197 1456 257 1488 ista
282 1455 369 1494 hinc,
395 1465 427 1487 et
449 1455 556 1486 nolite
582 1456 691 1486 facere
717 1455 855 1486 domum
880 1454 984 1498 patris
1001 1454 1067 1486 mei
1087 1454 1227 1486 domum
1245 1453 1323 1497 (85)

197 1516 476 1559 negotiationis:·‘
507 1526 636 1560 patrem
653 1516 704 1558 ¹⁰)
729 1528 825 1547 suum
851 1515 919 1547 sine
947 1515 1051 1547 dubio
1078 1514 1210 1547 dicebat
1235 1527 1323 1554 eum,

294 1635 325 1677 ¹)
351 1634 420 1667 Cfr.
448 1633 566 1666 Matth.
596 1634 633 1673 V,
658 1633 710 1667 48.
735 1633 786 1668 45.

290 1691 325 1732 ²)
350 1689 406 1722 Sic
432 1702 546 1721 omnes
572 1689 683 1722 Codd.
708 1688 786 1721 Mss.
812 1688 902 1720 Libri
928 1687 1008 1720 editi
1034 1690 1081 1729 (v.
1107 1701 1132 1720 c.
1159 1688 1234 1720 edd.
1257 1686 1324 1729 M.)

202 1734 277 1776 „cui
300 1735 369 1777 (ed.
394 1733 442 1767 M.
469 1735 494 1767 Ι.
518 1734 632 1778 cujus)
659 1734 758 1766 etiam
780 1755 813 1759 —
834 1746 902 1765 non
927 1732 1070 1774 suggerit
1092 1732 1324 1765 i11tellectum“

202 1789 263 1813 etc.
286 1780 328 1812 R.
467 1780 502 1822 ³)
523 1779 610 1811 Edd.
637 1777 686 1812 M.
713 1779 942 1823 ‚,jurandum.“

293 1836 326 1879 ⁴)
352 1835 409 1868 Sic
442 1833 522 1867 Mss.
555 1835 647 1867 Libri
683 1835 764 1867 editi
795 1835 841 1879 (v,
874 1847 900 1867 c.
934 1835 1010 1868 edd.
1043 1833 1109 1878 M.)
1143 1833 1325 1878 „proponit

202 1881 294 1913 Deus
319 1879 492 1924 discipulis
516 1879 582 1912 suis
608 1881 801 1919 dominum,
825 1880 907 1912 nisi“
936 1889 997 1912 etc.

294 1937 326 1980 ⁵)
353 1935 475 1970 Matth.
500 1936 559 1975 VI,
583 1936 614 1970 9.

294 1994 328 2036 ε)
354 1993 402 2024 lta
425 1991 508 2024 Mss.
536 1992 625 2024 Alias
659 1994 707 2037 (ι.
733 2006 759 2024 c.
785 1993 817 2024 in
844 1992 917 2024 edd.
945 1990 1054 2034 YNl.„)
1059 1990 1126 2023 Sed
1151 1998 1184 2022 et
1209 1989 1283 2021 de
1277 2003 1326 2033 1·¹¹

203 2037 359 2070 ramentis
384 2057 423 2062 —
450 2037 510 2069 ait:
543 2050 610 2069 non
642 2047 777 2082 oportet
808 2037 936 2082 luraie“
964 2046 1028 2068 etc.
1037 2015 1099 2068 ”R
1133 2054 1172 2059 -
1205 2003 1326 2067 Matlhh

203 2084 243 2122 V,
267 2083 319 2117 34.
344 2082 396 2117 35.
512 2082 544 2126 ⁷)
568 2083 665 2116 Jesai
692 2083 812 2122 LXVI
837 2083 864 2116 1.

295 2140 329 2182 ⁵)
353 2138 438 2170 Edd.
464 2136 513 2171 hl.
541 2139 629 2179 „Sed
655 2140 695 2171 de
723 2139 873 2184 templo“
901 2148 960 2170 etc*

294 2196 327 2238 ⁹)
353 2193 410 2226 Ev.
434 2192 551 2227 Joann:
581 2195 621 2234 Π,
650 2195 700 2229 16,

278 2252 330 2294 ¹⁰)
355 2250 410 2284 Sic
436 2259 525 2283 recte
545 2263 657 2283 omues
679 2250 785 2283 Cudd.
806 2250 884 2283 Mss.
903 2250 994 2282 Alias
1012 2250 1056 2293 (v.
1076 2263 1101 2281 c.
1120 2248 1153 2280 in
1170 2248 1243 2280 edd.
1262 2247 1328 2290 M.)
