<?xml version="1.0" encoding="UTF-8"?>
<!DOCTYPE html PUBLIC "-//W3C//DTD XHTML 1.0 Transitional//EN"
    "http://www.w3.org/TR/xhtml1/DTD/xhtml1-transitional.dtd">
<html xmlns="http://www.w3.org/1999/xhtml" xml:lang="en" lang="en">
 <head>
  <title>
</title>
<meta http-equiv="Content-Type" content="text/html;charset=utf-8" />
  <meta name='ocr-system' content='tesseract 3.04.00' />
  <meta name='ocr-capabilities' content='ocr_page ocr_carea ocr_par ocr_line ocrx_word'/>
</head>
<body>
  <div class='ocr_page' id='page_1' title='image "./operaomniaquaegr21orig_0063.png"; bbox 0 0 1404 2463; ppageno 0'>
   <div class='ocr_carea' id='block_1_1' title="bbox 0 0 26 1525">
    <p class='ocr_par' dir='ltr' id='par_1_1' title="bbox 0 0 26 1525">
     <span class='ocr_line' id='line_1_1' title="bbox 0 0 26 1525; baseline 0 0"><span class='ocrx_word' id='word_1_1' title='bbox 0 0 26 1525; x_wconf 95' lang='lat' dir='ltr'> </span> 
     </span>
    </p>
   </div>
   <div class='ocr_carea' id='block_1_2' title="bbox 422 69 1212 106">
    <p class='ocr_par' dir='ltr' id='par_1_2' title="bbox 422 69 1212 106">
     <span class='ocr_line' id='line_1_2' title="bbox 422 69 1212 106; baseline 0.004 -3"><span class='ocrx_word' id='word_1_2' title='bbox 422 79 468 103; x_wconf 71' lang='lat' dir='ltr'>nn</span> <span class='ocrx_word' id='word_1_3' title='bbox 494 69 685 103; x_wconf 73' lang='lat' dir='ltr'>Pamcmns</span> <span class='ocrx_word' id='word_1_4' title='bbox 711 70 821 103; x_wconf 75' lang='lat' dir='ltr'>Limm</span> <span class='ocrx_word' id='word_1_5' title='bbox 846 71 872 104; x_wconf 88' lang='grc' dir='ltr'>Ι.</span> <span class='ocrx_word' id='word_1_6' title='bbox 1168 71 1212 106; x_wconf 82' lang='grc'>49</span> 
     </span>
    </p>
   </div>
   <div class='ocr_carea' id='block_1_3' title="bbox 72 158 1211 1616">
    <p class='ocr_par' dir='ltr' id='par_1_3' title="bbox 78 158 1211 510">
     <span class='ocr_line' id='line_1_3' title="bbox 80 158 1210 203; baseline 0.004 -13"><span class='ocrx_word' id='word_1_7' title='bbox 80 159 142 190; x_wconf 81' lang='lat' dir='ltr'>bus</span> <span class='ocrx_word' id='word_1_8' title='bbox 166 158 288 198; x_wconf 85' lang='lat' dir='ltr'>solum,</span> <span class='ocrx_word' id='word_1_9' title='bbox 312 160 371 192; x_wconf 85' lang='lat' dir='ltr'>sed</span> <span class='ocrx_word' id='word_1_10' title='bbox 395 171 437 192; x_wconf 92' lang='lat' dir='ltr'>ne</span> <span class='ocrx_word' id='word_1_11' title='bbox 461 159 494 192; x_wconf 93' lang='lat' dir='ltr'>in</span> <span class='ocrx_word' id='word_1_12' title='bbox 528 158 730 201; x_wconf 73' lang='lat' dir='ltr'>cogitatione</span> <span class='ocrx_word' id='word_1_13' title='bbox 761 159 916 203; x_wconf 87' lang='lat' dir='ltr'>quidem,</span> <span class='ocrx_word' id='word_1_14' title='bbox 949 160 1001 192; x_wconf 87' lang='lat' dir='ltr'>vel</span> <span class='ocrx_word' id='word_1_15' title='bbox 1032 173 1129 193; x_wconf 87' lang='lat' dir='ltr'>sensu</span> <span class='ocrx_word' id='word_1_16' title='bbox 1161 161 1210 194; x_wconf 89' lang='lat' dir='ltr'>in-</span> 
     </span>
     <span class='ocr_line' id='line_1_4' title="bbox 81 219 1210 265; baseline 0.003 -13"><span class='ocrx_word' id='word_1_17' title='bbox 81 219 187 253; x_wconf 78' lang='lat' dir='ltr'>veniri</span> <span class='ocrx_word' id='word_1_18' title='bbox 220 229 351 265; x_wconf 85' lang='lat' dir='ltr'>potest,</span> <span class='ocrx_word' id='word_1_19' title='bbox 382 230 420 253; x_wconf 87' lang='lat' dir='ltr'>ut</span> <span class='ocrx_word' id='word_1_20' title='bbox 443 220 584 253; x_wconf 78' lang='lat' dir='ltr'>humana</span> <span class='ocrx_word' id='word_1_21' title='bbox 617 219 776 262; x_wconf 76' lang='lat' dir='ltr'>cogitatio</span> <span class='ocrx_word' id='word_1_22' title='bbox 807 219 916 265; x_wconf 88' lang='lat' dir='ltr'>possit</span> <span class='ocrx_word' id='word_1_23' title='bbox 945 221 1210 265; x_wconf 80' lang='lat' dir='ltr'>apprehendere,</span> 
     </span>
     <span class='ocr_line' id='line_1_5' title="bbox 81 280 1210 326; baseline 0.002 -13"><span class='ocrx_word' id='word_1_24' title='bbox 81 282 254 326; x_wconf 88' lang='lat' dir='ltr'>quomodo</span> <span class='ocrx_word' id='word_1_25' title='bbox 272 282 302 326; x_wconf 88' lang='lat'>¹)</span> <span class='ocrx_word' id='word_1_26' title='bbox 326 281 490 324; x_wconf 84' lang='lat' dir='ltr'>ingenitus</span> <span class='ocrx_word' id='word_1_27' title='bbox 521 282 614 314; x_wconf 90' lang='lat' dir='ltr'>Deus</span> <span class='ocrx_word' id='word_1_28' title='bbox 645 290 741 326; x_wconf 86' lang='lat' dir='ltr'>pater</span> <span class='ocrx_word' id='word_1_29' title='bbox 775 280 921 314; x_wconf 77' lang='lat' dir='ltr'>efficitur</span> <span class='ocrx_word' id='word_1_30' title='bbox 949 280 1114 323; x_wconf 83' lang='lat' dir='ltr'>unigeniti</span> <span class='ocrx_word' id='word_1_31' title='bbox 1137 282 1210 316; x_wconf 84' lang='lat' dir='ltr'>filii.</span> 
     </span>
     <span class='ocr_line' id='line_1_6' title="bbox 78 341 1210 389; baseline 0 -13"><span class='ocrx_word' id='word_1_32' title='bbox 78 342 142 376; x_wconf 85' lang='lat' dir='ltr'>Est</span> <span class='ocrx_word' id='word_1_33' title='bbox 164 355 308 388; x_wconf 87' lang='lat' dir='ltr'>namque</span> <span class='ocrx_word' id='word_1_34' title='bbox 339 343 384 376; x_wconf 79' lang='lat' dir='ltr'>ita</span> <span class='ocrx_word' id='word_1_35' title='bbox 412 352 547 375; x_wconf 82' lang='lat' dir='ltr'>aeterna</span> <span class='ocrx_word' id='word_1_36' title='bbox 570 355 608 375; x_wconf 79' lang='lat' dir='ltr'>ac</span> <span class='ocrx_word' id='word_1_37' title='bbox 630 343 833 387; x_wconf 86' lang='lat' dir='ltr'>sempiterna</span> <span class='ocrx_word' id='word_1_38' title='bbox 856 341 1050 385; x_wconf 83' lang='lat' dir='ltr'>generatio,</span> <span class='ocrx_word' id='word_1_39' title='bbox 1074 342 1210 389; x_wconf 77' lang='lat' dir='ltr'>sicut2)</span> 
     </span>
     <span class='ocr_line' id='line_1_7' title="bbox 79 403 1211 450; baseline -0.001 -13"><span class='ocrx_word' id='word_1_40' title='bbox 79 405 241 449; x_wconf 82' lang='lat' dir='ltr'>splendor</span> <span class='ocrx_word' id='word_1_41' title='bbox 265 413 439 446; x_wconf 85' lang='lat' dir='ltr'>generatur</span> <span class='ocrx_word' id='word_1_42' title='bbox 461 417 500 436; x_wconf 86' lang='lat' dir='ltr'>ex</span> <span class='ocrx_word' id='word_1_43' title='bbox 524 404 611 437; x_wconf 87' lang='lat' dir='ltr'>luce.</span> <span class='ocrx_word' id='word_1_44' title='bbox 658 405 735 437; x_wconf 88' lang='lat' dir='ltr'>Non</span> <span class='ocrx_word' id='word_1_45' title='bbox 749 403 838 437; x_wconf 88' lang='lat' dir='ltr'>enim</span> <span class='ocrx_word' id='word_1_46' title='bbox 860 416 922 449; x_wconf 88' lang='lat' dir='ltr'>per</span> <span class='ocrx_word' id='word_1_47' title='bbox 941 403 1164 448; x_wconf 77' lang='lat' dir='ltr'>adoptionem</span> <span class='ocrx_word' id='word_1_48' title='bbox 1175 405 1211 450; x_wconf 88' lang='lat'>³)</span> 
     </span>
     <span class='ocr_line' id='line_1_8' title="bbox 80 464 1053 510; baseline 0 -12"><span class='ocrx_word' id='word_1_49' title='bbox 80 465 225 510; x_wconf 76' lang='lat' dir='ltr'>Spiritus</span> <span class='ocrx_word' id='word_1_50' title='bbox 245 465 333 498; x_wconf 90' lang='lat' dir='ltr'>filius</span> <span class='ocrx_word' id='word_1_51' title='bbox 357 466 396 498; x_wconf 80' lang='lat' dir='ltr'>fit</span> <span class='ocrx_word' id='word_1_52' title='bbox 419 465 634 505; x_wconf 84' lang='lat' dir='ltr'>extrinsecus,</span> <span class='ocrx_word' id='word_1_53' title='bbox 658 466 716 498; x_wconf 91' lang='lat' dir='ltr'>sed</span> <span class='ocrx_word' id='word_1_54' title='bbox 739 474 856 498; x_wconf 82' lang='lat' dir='ltr'>natura</span> <span class='ocrx_word' id='word_1_55' title='bbox 879 464 969 497; x_wconf 76' lang='lat' dir='ltr'>filius</span> <span class='ocrx_word' id='word_1_56' title='bbox 994 473 1053 498; x_wconf 90' lang='lat' dir='ltr'>est.</span> 
     </span>
    </p>

    <p class='ocr_par' dir='ltr' id='par_1_4' title="bbox 72 526 1211 1551">
     <span class='ocr_line' id='line_1_9' title="bbox 167 526 1211 572; baseline -0.001 -11"><span class='ocrx_word' id='word_1_57' title='bbox 167 528 198 561; x_wconf 90' lang='lat'>5.</span> <span class='ocrx_word' id='word_1_58' title='bbox 244 527 424 560; x_wconf 79' lang='lat' dir='ltr'>Videamus</span> <span class='ocrx_word' id='word_1_59' title='bbox 452 536 564 560; x_wconf 85' lang='lat' dir='ltr'>tamen</span> <span class='ocrx_word' id='word_1_60' title='bbox 604 527 780 572; x_wconf 90' lang='lat' dir='ltr'>quomodo</span> <span class='ocrx_word' id='word_1_61' title='bbox 813 526 913 566; x_wconf 83' lang='lat' dir='ltr'>haec,</span> <span class='ocrx_word' id='word_1_62' title='bbox 947 539 1032 571; x_wconf 87' lang='lat' dir='ltr'>quae</span> <span class='ocrx_word' id='word_1_63' title='bbox 1056 526 1211 568; x_wconf 77' lang='lat' dir='ltr'>dicimus,</span> 
     </span>
     <span class='ocr_line' id='line_1_10' title="bbox 81 587 1209 634; baseline 0.001 -13"><span class='ocrx_word' id='word_1_64' title='bbox 81 588 179 621; x_wconf 86' lang='lat' dir='ltr'>etiam</span> <span class='ocrx_word' id='word_1_65' title='bbox 208 587 339 620; x_wconf 85' lang='lat' dir='ltr'>divinae</span> <span class='ocrx_word' id='word_1_66' title='bbox 364 588 557 633; x_wconf 77' lang='lat' dir='ltr'>Scripturae</span> <span class='ocrx_word' id='word_1_67' title='bbox 581 588 781 621; x_wconf 75' lang='lat' dir='ltr'>auctoritate</span> <span class='ocrx_word' id='word_1_68' title='bbox 804 587 1006 621; x_wconf 86' lang='lat' dir='ltr'>muniantur.</span> <span class='ocrx_word' id='word_1_69' title='bbox 1044 588 1103 621; x_wconf 89' lang='lat' dir='ltr'>Ait</span> <span class='ocrx_word' id='word_1_70' title='bbox 1125 602 1209 634; x_wconf 86' lang='lat' dir='ltr'>apo-</span> 
     </span>
     <span class='ocr_line' id='line_1_11' title="bbox 78 648 1209 693; baseline 0.001 -11"><span class='ocrx_word' id='word_1_71' title='bbox 78 650 183 682; x_wconf 90' lang='lat' dir='ltr'>stolus</span> <span class='ocrx_word' id='word_1_72' title='bbox 206 648 388 693; x_wconf 85' lang='lat' dir='ltr'>Paulus,⁴)</span> <span class='ocrx_word' id='word_1_73' title='bbox 411 648 622 691; x_wconf 84' lang='lat' dir='ltr'>unigenitum</span> <span class='ocrx_word' id='word_1_74' title='bbox 645 650 775 683; x_wconf 85' lang='lat' dir='ltr'>Filium</span> <span class='ocrx_word' id='word_1_75' title='bbox 798 649 1022 693; x_wconf 82' lang='lat' dir='ltr'>imaginem⁵)</span> <span class='ocrx_word' id='word_1_76' title='bbox 1047 661 1117 682; x_wconf 86' lang='lat' dir='ltr'>esse</span> <span class='ocrx_word' id='word_1_77' title='bbox 1140 649 1209 683; x_wconf 85' lang='lat' dir='ltr'>Dei</span> 
     </span>
     <span class='ocr_line' id='line_1_12' title="bbox 77 709 1208 755; baseline 0.003 -13"><span class='ocrx_word' id='word_1_78' title='bbox 77 709 315 755; x_wconf 72' lang='lat' dir='ltr'>invisibilis‚⁶)</span> <span class='ocrx_word' id='word_1_79' title='bbox 347 719 381 743; x_wconf 93' lang='lat' dir='ltr'>et</span> <span class='ocrx_word' id='word_1_80' title='bbox 404 710 668 755; x_wconf 64' lang='lat' dir='ltr'>primogenitum</span> <span class='ocrx_word' id='word_1_81' title='bbox 693 725 771 745; x_wconf 88' lang='lat' dir='ltr'>eum</span> <span class='ocrx_word' id='word_1_82' title='bbox 795 724 866 745; x_wconf 85' lang='lat' dir='ltr'>esse</span> <span class='ocrx_word' id='word_1_83' title='bbox 890 710 993 744; x_wconf 79' lang='lat' dir='ltr'>totius</span> <span class='ocrx_word' id='word_1_84' title='bbox 1019 720 1208 745; x_wconf 80' lang='lat' dir='ltr'>creaturae:</span> 
     </span>
     <span class='ocr_line' id='line_1_13' title="bbox 75 771 1208 818; baseline 0 -14"><span class='ocrx_word' id='word_1_85' title='bbox 75 771 118 804; x_wconf 86' lang='lat' dir='ltr'>ad</span> <span class='ocrx_word' id='word_1_86' title='bbox 142 772 315 805; x_wconf 86' lang='lat' dir='ltr'>Hebraeos</span> <span class='ocrx_word' id='word_1_87' title='bbox 339 785 419 804; x_wconf 84' lang='lat' dir='ltr'>vero</span> <span class='ocrx_word' id='word_1_88' title='bbox 444 772 591 806; x_wconf 79' lang='lat' dir='ltr'>scribens</span> <span class='ocrx_word' id='word_1_89' title='bbox 616 772 696 806; x_wconf 89' lang='lat' dir='ltr'>dicit</span> <span class='ocrx_word' id='word_1_90' title='bbox 712 774 753 806; x_wconf 87' lang='lat' dir='ltr'>de</span> <span class='ocrx_word' id='word_1_91' title='bbox 776 786 829 814; x_wconf 85' lang='lat' dir='ltr'>eo,</span> <span class='ocrx_word' id='word_1_92' title='bbox 855 772 932 818; x_wconf 83' lang='lat' dir='ltr'>quia</span> <span class='ocrx_word' id='word_1_93' title='bbox 956 771 1022 813; x_wconf 85' lang='lat' dir='ltr'>„sit</span> <span class='ocrx_word' id='word_1_94' title='bbox 1037 772 1070 817; x_wconf 83' lang='lat'>⁷)</span> <span class='ocrx_word' id='word_1_95' title='bbox 1095 772 1208 817; x_wconf 84' lang='lat' dir='ltr'>splen-</span> 
     </span>
     <span class='ocr_line' id='line_1_14' title="bbox 76 832 1207 880; baseline 0.001 -15"><span class='ocrx_word' id='word_1_96' title='bbox 76 833 141 865; x_wconf 89' lang='lat' dir='ltr'>dor</span> <span class='ocrx_word' id='word_1_97' title='bbox 163 832 308 875; x_wconf 83' lang='lat' dir='ltr'>gloriae,</span> <span class='ocrx_word' id='word_1_98' title='bbox 333 842 366 866; x_wconf 86' lang='lat' dir='ltr'>et</span> <span class='ocrx_word' id='word_1_99' title='bbox 389 834 494 876; x_wconf 88' lang='lat' dir='ltr'>figura</span> <span class='ocrx_word' id='word_1_100' title='bbox 517 847 670 879; x_wconf 82' lang='lat' dir='ltr'>expressa</span> <span class='ocrx_word' id='word_1_101' title='bbox 693 834 896 868; x_wconf 86' lang='lat' dir='ltr'>substantiae</span> <span class='ocrx_word' id='word_1_102' title='bbox 921 833 1024 880; x_wconf 87' lang='lat' dir='ltr'>ejus.“</span> <span class='ocrx_word' id='word_1_103' title='bbox 1072 834 1207 867; x_wconf 76' lang='lat' dir='ltr'>Inveni-</span> 
     </span>
     <span class='ocr_line' id='line_1_15' title="bbox 75 893 1207 941; baseline 0 -14"><span class='ocrx_word' id='word_1_104' title='bbox 75 907 149 927; x_wconf 87' lang='lat' dir='ltr'>mus</span> <span class='ocrx_word' id='word_1_105' title='bbox 171 893 391 928; x_wconf 81' lang='lat' dir='ltr'>nihilominus</span> <span class='ocrx_word' id='word_1_106' title='bbox 424 894 524 928; x_wconf 81' lang='lat' dir='ltr'>etiam</span> <span class='ocrx_word' id='word_1_107' title='bbox 556 895 591 929; x_wconf 82' lang='lat' dir='ltr'>in</span> <span class='ocrx_word' id='word_1_108' title='bbox 627 895 818 940; x_wconf 80' lang='lat' dir='ltr'>Sapientia,</span> <span class='ocrx_word' id='word_1_109' title='bbox 852 908 936 941; x_wconf 86' lang='lat' dir='ltr'>quae</span> <span class='ocrx_word' id='word_1_110' title='bbox 962 894 1087 928; x_wconf 85' lang='lat' dir='ltr'>dicitur</span> <span class='ocrx_word' id='word_1_111' title='bbox 1109 895 1207 929; x_wconf 87' lang='lat' dir='ltr'>Salo-</span> 
     </span>
     <span class='ocr_line' id='line_1_16' title="bbox 74 955 1206 1002; baseline 0.001 -14"><span class='ocrx_word' id='word_1_112' title='bbox 74 955 196 998; x_wconf 82' lang='lat' dir='ltr'>monis,</span> <span class='ocrx_word' id='word_1_113' title='bbox 220 955 483 1001; x_wconf 83' lang='lat' dir='ltr'>descriptionem</span> <span class='ocrx_word' id='word_1_114' title='bbox 509 957 674 1002; x_wconf 85' lang='lat' dir='ltr'>quandam</span> <span class='ocrx_word' id='word_1_115' title='bbox 690 957 731 990; x_wconf 85' lang='lat' dir='ltr'>de</span> <span class='ocrx_word' id='word_1_116' title='bbox 747 957 815 990; x_wconf 90' lang='lat' dir='ltr'>Dei</span> <span class='ocrx_word' id='word_1_117' title='bbox 834 956 998 1002; x_wconf 80' lang='lat' dir='ltr'>sapientia</span> <span class='ocrx_word' id='word_1_118' title='bbox 1017 956 1083 989; x_wconf 87' lang='lat' dir='ltr'>hoc</span> <span class='ocrx_word' id='word_1_119' title='bbox 1100 957 1206 990; x_wconf 86' lang='lat' dir='ltr'>modo</span> 
     </span>
     <span class='ocr_line' id='line_1_17' title="bbox 75 1017 1207 1063; baseline 0.001 -13"><span class='ocrx_word' id='word_1_120' title='bbox 75 1017 250 1062; x_wconf 85' lang='lat' dir='ltr'>scriptam:</span> <span class='ocrx_word' id='word_1_121' title='bbox 281 1017 463 1061; x_wconf 79' lang='lat' dir='ltr'>„Vapor⁸)</span> <span class='ocrx_word' id='word_1_122' title='bbox 497 1027 546 1050; x_wconf 89' lang='lat' dir='ltr'>est</span> <span class='ocrx_word' id='word_1_123' title='bbox 577 1018 715 1060; x_wconf 85' lang='lat' dir='ltr'>enim‚“</span> <span class='ocrx_word' id='word_1_124' title='bbox 741 1017 866 1063; x_wconf 86' lang='lat' dir='ltr'>inquit,</span> <span class='ocrx_word' id='word_1_125' title='bbox 893 1017 1048 1059; x_wconf 83' lang='lat' dir='ltr'>„virtutis</span> <span class='ocrx_word' id='word_1_126' title='bbox 1070 1017 1149 1057; x_wconf 83' lang='lat' dir='ltr'>Dei,</span> <span class='ocrx_word' id='word_1_127' title='bbox 1174 1028 1207 1051; x_wconf 91' lang='lat' dir='ltr'>et</span> 
     </span>
     <span class='ocr_line' id='line_1_18' title="bbox 75 1077 1205 1125; baseline -0.002 -12"><span class='ocrx_word' id='word_1_128' title='bbox 75 1077 254 1125; x_wconf 73' lang='grc' dir='ltr'><strong><em>ἆπόῤῥοια</em></strong></span> <span class='ocrx_word' id='word_1_129' title='bbox 283 1078 408 1121; x_wconf 83' lang='lat' dir='ltr'>gloriae</span> <span class='ocrx_word' id='word_1_130' title='bbox 444 1079 699 1124; x_wconf 83' lang='lat' dir='ltr'>Omnipotentis</span> <span class='ocrx_word' id='word_1_131' title='bbox 737 1079 952 1124; x_wconf 82' lang='lat' dir='ltr'>purissima.“</span> <span class='ocrx_word' id='word_1_132' title='bbox 1009 1079 1091 1111; x_wconf 84' lang='lat' dir='ltr'>Ideo</span> <span class='ocrx_word' id='word_1_133' title='bbox 1127 1092 1205 1121; x_wconf 82' lang='lat' dir='ltr'>ergo</span> 
     </span>
     <span class='ocr_line' id='line_1_19' title="bbox 77 1140 1208 1185; baseline 0.001 -13"><span class='ocrx_word' id='word_1_134' title='bbox 77 1140 111 1172; x_wconf 88' lang='lat' dir='ltr'>in</span> <span class='ocrx_word' id='word_1_135' title='bbox 143 1153 215 1173; x_wconf 89' lang='lat' dir='ltr'>eam</span> <span class='ocrx_word' id='word_1_136' title='bbox 248 1140 333 1173; x_wconf 85' lang='lat' dir='ltr'>nihil</span> <span class='ocrx_word' id='word_1_137' title='bbox 365 1142 649 1174; x_wconf 84' lang='lat' dir='ltr'>commaculatum</span> <span class='ocrx_word' id='word_1_138' title='bbox 680 1140 830 1173; x_wconf 86' lang='lat' dir='ltr'>incidere</span> <span class='ocrx_word' id='word_1_139' title='bbox 859 1150 981 1185; x_wconf 86' lang='lat' dir='ltr'>potest.</span> <span class='ocrx_word' id='word_1_140' title='bbox 1035 1141 1208 1185; x_wconf 87' lang='lat' dir='ltr'>Splendor</span> 
     </span>
     <span class='ocr_line' id='line_1_20' title="bbox 76 1190 1206 1247; baseline 0.001 -14"><span class='ocrx_word' id='word_1_141' title='bbox 76 1202 165 1234; x_wconf 90' lang='lat' dir='ltr'>enim</span> <span class='ocrx_word' id='word_1_142' title='bbox 189 1210 236 1234; x_wconf 86' lang='lat' dir='ltr'>est</span> <span class='ocrx_word' id='word_1_143' title='bbox 261 1200 345 1234; x_wconf 83' lang='lat' dir='ltr'>lucis</span> <span class='ocrx_word' id='word_1_144' title='bbox 369 1211 534 1242; x_wconf 85' lang='lat' dir='ltr'>aeternae,</span> <span class='ocrx_word' id='word_1_145' title='bbox 560 1212 592 1235; x_wconf 89' lang='lat' dir='ltr'>et</span> <span class='ocrx_word' id='word_1_146' title='bbox 614 1190 791 1247; x_wconf 84' lang='lat' dir='ltr'>speculum</span> <span class='ocrx_word' id='word_1_147' title='bbox 812 1201 1061 1235; x_wconf 78' lang='lat' dir='ltr'>immaculatum</span> <span class='ocrx_word' id='word_1_148' title='bbox 1087 1215 1206 1246; x_wconf 86' lang='lat' dir='ltr'>opera-</span> 
     </span>
     <span class='ocr_line' id='line_1_21' title="bbox 74 1262 1205 1309; baseline 0.001 -14"><span class='ocrx_word' id='word_1_149' title='bbox 74 1262 175 1296; x_wconf 87' lang='lat' dir='ltr'>tionis</span> <span class='ocrx_word' id='word_1_150' title='bbox 200 1262 275 1304; x_wconf 86' lang='lat' dir='ltr'>Dei,</span> <span class='ocrx_word' id='word_1_151' title='bbox 301 1272 333 1296; x_wconf 91' lang='lat' dir='ltr'>et</span> <span class='ocrx_word' id='word_1_152' title='bbox 356 1262 466 1305; x_wconf 83' lang='lat' dir='ltr'>imago</span> <span class='ocrx_word' id='word_1_153' title='bbox 498 1263 658 1296; x_wconf 82' lang='lat' dir='ltr'>bonitatis</span> <span class='ocrx_word' id='word_1_154' title='bbox 690 1263 769 1309; x_wconf 82' lang='lat' dir='ltr'>ejus.</span> <span class='ocrx_word' id='word_1_155' title='bbox 817 1262 1022 1308; x_wconf 87' lang='lat' dir='ltr'>Sapientiam</span> <span class='ocrx_word' id='word_1_156' title='bbox 1049 1275 1128 1295; x_wconf 90' lang='lat' dir='ltr'>vero</span> <span class='ocrx_word' id='word_1_157' title='bbox 1155 1264 1205 1296; x_wconf 86' lang='lat' dir='ltr'>di·</span> 
     </span>
     <span class='ocr_line' id='line_1_22' title="bbox 75 1323 1204 1368; baseline 0.001 -12"><span class='ocrx_word' id='word_1_158' title='bbox 75 1324 191 1365; x_wconf 88' lang='lat' dir='ltr'>cimus,</span> <span class='ocrx_word' id='word_1_159' title='bbox 215 1324 301 1357; x_wconf 89' lang='lat' dir='ltr'>sicut</span> <span class='ocrx_word' id='word_1_160' title='bbox 324 1323 476 1368; x_wconf 87' lang='lat' dir='ltr'>superius</span> <span class='ocrx_word' id='word_1_161' title='bbox 501 1324 655 1364; x_wconf 85' lang='lat' dir='ltr'>diximus,</span> <span class='ocrx_word' id='word_1_162' title='bbox 680 1324 924 1357; x_wconf 82' lang='lat' dir='ltr'>subsistentiam</span> <span class='ocrx_word' id='word_1_163' title='bbox 940 1323 1118 1357; x_wconf 84' lang='lat' dir='ltr'>habentem</span> <span class='ocrx_word' id='word_1_164' title='bbox 1136 1338 1204 1357; x_wconf 90' lang='lat' dir='ltr'>non</span> 
     </span>
     <span class='ocr_line' id='line_1_23' title="bbox 73 1384 1205 1431; baseline 0 -12"><span class='ocrx_word' id='word_1_165' title='bbox 73 1385 164 1426; x_wconf 78' lang='lat' dir='ltr'>alibi,</span> <span class='ocrx_word' id='word_1_166' title='bbox 186 1385 249 1418; x_wconf 83' lang='lat' dir='ltr'>nisi</span> <span class='ocrx_word' id='word_1_167' title='bbox 271 1384 306 1417; x_wconf 87' lang='lat' dir='ltr'>in</span> <span class='ocrx_word' id='word_1_168' title='bbox 331 1398 383 1425; x_wconf 80' lang='lat' dir='ltr'>eo,</span> <span class='ocrx_word' id='word_1_169' title='bbox 407 1385 467 1430; x_wconf 81' lang='lat' dir='ltr'>qui</span> <span class='ocrx_word' id='word_1_170' title='bbox 493 1394 541 1418; x_wconf 89' lang='lat' dir='ltr'>est</span> <span class='ocrx_word' id='word_1_171' title='bbox 564 1385 697 1418; x_wconf 86' lang='lat' dir='ltr'>initium</span> <span class='ocrx_word' id='word_1_172' title='bbox 723 1385 893 1418; x_wconf 86' lang='lat' dir='ltr'>omnium:</span> <span class='ocrx_word' id='word_1_173' title='bbox 919 1398 957 1418; x_wconf 88' lang='lat' dir='ltr'>ex</span> <span class='ocrx_word' id='word_1_174' title='bbox 977 1398 1045 1431; x_wconf 86' lang='lat' dir='ltr'>quo</span> <span class='ocrx_word' id='word_1_175' title='bbox 1072 1396 1105 1418; x_wconf 88' lang='lat' dir='ltr'>et</span> <span class='ocrx_word' id='word_1_176' title='bbox 1127 1396 1205 1419; x_wconf 85' lang='lat' dir='ltr'>nata</span> 
     </span>
     <span class='ocr_line' id='line_1_24' title="bbox 74 1446 1205 1492; baseline 0.001 -13"><span class='ocrx_word' id='word_1_177' title='bbox 74 1456 123 1479; x_wconf 92' lang='lat' dir='ltr'>est</span> <span class='ocrx_word' id='word_1_178' title='bbox 146 1460 296 1492; x_wconf 83' lang='lat' dir='ltr'>quaeque</span> <span class='ocrx_word' id='word_1_179' title='bbox 320 1446 500 1491; x_wconf 84' lang='lat' dir='ltr'>sapientia,</span> <span class='ocrx_word' id='word_1_180' title='bbox 531 1447 607 1491; x_wconf 85' lang='lat' dir='ltr'>quia</span> <span class='ocrx_word' id='word_1_181' title='bbox 630 1446 702 1492; x_wconf 90' lang='lat' dir='ltr'>ipse</span> <span class='ocrx_word' id='word_1_182' title='bbox 728 1456 794 1487; x_wconf 85' lang='lat' dir='ltr'>est,</span> <span class='ocrx_word' id='word_1_183' title='bbox 827 1446 885 1492; x_wconf 87' lang='lat' dir='ltr'>qui</span> <span class='ocrx_word' id='word_1_184' title='bbox 897 1446 930 1491; x_wconf 81' lang='lat'>⁹)</span> <span class='ocrx_word' id='word_1_185' title='bbox 962 1456 1010 1480; x_wconf 87' lang='lat' dir='ltr'>est</span> <span class='ocrx_word' id='word_1_186' title='bbox 1033 1448 1124 1480; x_wconf 88' lang='lat' dir='ltr'>solus</span> <span class='ocrx_word' id='word_1_187' title='bbox 1148 1460 1205 1480; x_wconf 87' lang='lat' dir='ltr'>na-</span> 
     </span>
     <span class='ocr_line' id='line_1_25' title="bbox 72 1507 854 1551; baseline 0.003 -11"><span class='ocrx_word' id='word_1_188' title='bbox 72 1516 148 1541; x_wconf 79' lang='lat' dir='ltr'>tura</span> <span class='ocrx_word' id='word_1_189' title='bbox 170 1507 277 1549; x_wconf 87' lang='lat' dir='ltr'>filius;</span> <span class='ocrx_word' id='word_1_190' title='bbox 300 1508 427 1541; x_wconf 87' lang='lat' dir='ltr'>idcirco</span> <span class='ocrx_word' id='word_1_191' title='bbox 453 1518 486 1541; x_wconf 90' lang='lat' dir='ltr'>et</span> <span class='ocrx_word' id='word_1_192' title='bbox 509 1509 697 1551; x_wconf 84' lang='lat' dir='ltr'>unigenitus</span> <span class='ocrx_word' id='word_1_193' title='bbox 721 1508 854 1542; x_wconf 86' lang='lat' dir='ltr'>dicitur.</span> 
     </span>
    </p>

    <p class='ocr_par' dir='ltr' id='par_1_5' title="bbox 160 1568 1203 1616">
     <span class='ocr_line' id='line_1_26' title="bbox 160 1568 1203 1616; baseline -0.001 -12"><span class='ocrx_word' id='word_1_194' title='bbox 160 1568 192 1604; x_wconf 84' lang='grc'>6.</span> <span class='ocrx_word' id='word_1_195' title='bbox 239 1569 422 1603; x_wconf 83' lang='lat' dir='ltr'>Videamus</span> <span class='ocrx_word' id='word_1_196' title='bbox 456 1583 533 1604; x_wconf 87' lang='lat' dir='ltr'>sane</span> <span class='ocrx_word' id='word_1_197' title='bbox 571 1570 653 1616; x_wconf 87' lang='lat' dir='ltr'>quid</span> <span class='ocrx_word' id='word_1_198' title='bbox 688 1569 833 1613; x_wconf 84' lang='lat' dir='ltr'>intelligi</span> <span class='ocrx_word' id='word_1_199' title='bbox 872 1570 993 1603; x_wconf 82' lang='lat' dir='ltr'>debeat</span> <span class='ocrx_word' id='word_1_200' title='bbox 1028 1570 1127 1603; x_wconf 88' lang='lat' dir='ltr'>etiam</span> <span class='ocrx_word' id='word_1_201' title='bbox 1161 1571 1203 1603; x_wconf 87' lang='lat' dir='ltr'>de</span> 
     </span>
    </p>
   </div>
   <div class='ocr_carea' id='block_1_4' title="bbox 77 1725 1205 1815">
    <p class='ocr_par' dir='ltr' id='par_1_6' title="bbox 77 1725 1205 1815">
     <span class='ocr_line' id='line_1_27' title="bbox 169 1725 1205 1772; baseline 0.002 -14"><span class='ocrx_word' id='word_1_202' title='bbox 169 1725 202 1770; x_wconf 87' lang='lat'>¹)</span> <span class='ocrx_word' id='word_1_203' title='bbox 225 1726 282 1759; x_wconf 90' lang='lat' dir='ltr'>Sic</span> <span class='ocrx_word' id='word_1_204' title='bbox 305 1735 395 1760; x_wconf 88' lang='lat' dir='ltr'>recte</span> <span class='ocrx_word' id='word_1_205' title='bbox 418 1727 498 1760; x_wconf 86' lang='lat' dir='ltr'>Mss.</span> <span class='ocrx_word' id='word_1_206' title='bbox 521 1727 615 1760; x_wconf 82' lang='lat' dir='ltr'>Alias</span> <span class='ocrx_word' id='word_1_207' title='bbox 639 1727 688 1772; x_wconf 86' lang='lat' dir='ltr'>(v.</span> <span class='ocrx_word' id='word_1_208' title='bbox 714 1739 742 1760; x_wconf 90' lang='lat' dir='ltr'>c.</span> <span class='ocrx_word' id='word_1_209' title='bbox 767 1726 800 1759; x_wconf 90' lang='lat' dir='ltr'>in</span> <span class='ocrx_word' id='word_1_210' title='bbox 825 1726 900 1758; x_wconf 88' lang='lat' dir='ltr'>edd.</span> <span class='ocrx_word' id='word_1_211' title='bbox 926 1726 993 1770; x_wconf 89' lang='lat' dir='ltr'>M.)</span> <span class='ocrx_word' id='word_1_212' title='bbox 1026 1736 1205 1772; x_wconf 89' lang='lat' dir='ltr'>corrupte:</span> 
     </span>
     <span class='ocr_line' id='line_1_28' title="bbox 77 1770 1145 1815; baseline 0.002 -12"><span class='ocrx_word' id='word_1_213' title='bbox 77 1772 273 1815; x_wconf 87' lang='lat' dir='ltr'>„quomodo</span> <span class='ocrx_word' id='word_1_214' title='bbox 297 1771 489 1814; x_wconf 81' lang='lat' dir='ltr'>unigenitus</span> <span class='ocrx_word' id='word_1_215' title='bbox 512 1772 607 1805; x_wconf 89' lang='lat' dir='ltr'>Deus</span> <span class='ocrx_word' id='word_1_216' title='bbox 631 1771 776 1805; x_wconf 84' lang='lat' dir='ltr'>efficitur</span> <span class='ocrx_word' id='word_1_217' title='bbox 798 1770 961 1813; x_wconf 84' lang='lat' dir='ltr'>unigeniti</span> <span class='ocrx_word' id='word_1_218' title='bbox 985 1771 1078 1804; x_wconf 85' lang='lat' dir='ltr'>filii.“</span> <span class='ocrx_word' id='word_1_219' title='bbox 1105 1772 1145 1806; x_wconf 88' lang='lat' dir='ltr'>R.</span> 
     </span>
    </p>
   </div>
   <div class='ocr_carea' id='block_1_5' title="bbox 74 1825 1207 1963">
    <p class='ocr_par' dir='ltr' id='par_1_7' title="bbox 74 1825 1207 1963">
     <span class='ocr_line' id='line_1_29' title="bbox 168 1825 1207 1872; baseline 0.002 -14"><span class='ocrx_word' id='word_1_220' title='bbox 168 1825 202 1868; x_wconf 84' lang='lat'>²)</span> <span class='ocrx_word' id='word_1_221' title='bbox 226 1825 302 1859; x_wconf 89' lang='lat' dir='ltr'>Hoc</span> <span class='ocrx_word' id='word_1_222' title='bbox 324 1827 406 1860; x_wconf 88' lang='lat' dir='ltr'>solis</span> <span class='ocrx_word' id='word_1_223' title='bbox 429 1827 613 1872; x_wconf 86' lang='lat' dir='ltr'>solarisque</span> <span class='ocrx_word' id='word_1_224' title='bbox 643 1828 728 1861; x_wconf 84' lang='lat' dir='ltr'>radii</span> <span class='ocrx_word' id='word_1_225' title='bbox 759 1827 914 1871; x_wconf 86' lang='lat' dir='ltr'>exemplo</span> <span class='ocrx_word' id='word_1_226' title='bbox 948 1827 990 1859; x_wconf 83' lang='lat' dir='ltr'>ad</span> <span class='ocrx_word' id='word_1_227' title='bbox 1020 1827 1207 1868; x_wconf 79' lang='lat' dir='ltr'>significan-</span> 
     </span>
     <span class='ocr_line' id='line_1_30' title="bbox 74 1870 1206 1917; baseline 0.003 -15"><span class='ocrx_word' id='word_1_228' title='bbox 74 1870 152 1902; x_wconf 85' lang='lat' dir='ltr'>dam</span> <span class='ocrx_word' id='word_1_229' title='bbox 176 1880 344 1904; x_wconf 82' lang='lat' dir='ltr'>aeternam</span> <span class='ocrx_word' id='word_1_230' title='bbox 369 1872 464 1905; x_wconf 88' lang='lat' dir='ltr'>verbi</span> <span class='ocrx_word' id='word_1_231' title='bbox 486 1873 755 1915; x_wconf 85' lang='lat' dir='ltr'>generationem,</span> <span class='ocrx_word' id='word_1_232' title='bbox 787 1873 871 1905; x_wconf 81' lang='lat' dir='ltr'>nihil</span> <span class='ocrx_word' id='word_1_233' title='bbox 903 1872 1111 1917; x_wconf 87' lang='lat' dir='ltr'>frequentius</span> <span class='ocrx_word' id='word_1_234' title='bbox 1136 1886 1206 1906; x_wconf 88' lang='lat' dir='ltr'>esse</span> 
     </span>
     <span class='ocr_line' id='line_1_31' title="bbox 74 1915 1206 1963; baseline 0.004 -17"><span class='ocrx_word' id='word_1_235' title='bbox 74 1916 164 1959; x_wconf 87' lang='lat' dir='ltr'>apud</span> <span class='ocrx_word' id='word_1_236' title='bbox 191 1915 327 1958; x_wconf 85' lang='lat' dir='ltr'>Origeu.</span> <span class='ocrx_word' id='word_1_237' title='bbox 352 1917 504 1961; x_wconf 78' lang='lat' dir='ltr'>aliosque</span> <span class='ocrx_word' id='word_1_238' title='bbox 527 1928 649 1963; x_wconf 86' lang='lat' dir='ltr'>patres,</span> <span class='ocrx_word' id='word_1_239' title='bbox 674 1918 796 1951; x_wconf 87' lang='lat' dir='ltr'>videsis</span> <span class='ocrx_word' id='word_1_240' title='bbox 822 1917 1058 1959; x_wconf 81' lang='lat' dir='ltr'>Origenianor.</span> <span class='ocrx_word' id='word_1_241' title='bbox 1082 1917 1140 1950; x_wconf 83' lang='lat' dir='ltr'>lib.</span> <span class='ocrx_word' id='word_1_242' title='bbox 1163 1918 1206 1952; x_wconf 87' lang='lat' dir='ltr'>II.</span> 
     </span>
    </p>
   </div>
   <div class='ocr_carea' id='block_1_6' title="bbox 75 1960 1206 2286">
    <p class='ocr_par' dir='ltr' id='par_1_8' title="bbox 75 1960 1206 2286">
     <span class='ocr_line' id='line_1_32' title="bbox 75 1960 1206 2007; baseline 0.004 -15"><span class='ocrx_word' id='word_1_243' title='bbox 75 1968 199 2004; x_wconf 86' lang='lat' dir='ltr'>quaest.</span> <span class='ocrx_word' id='word_1_244' title='bbox 213 1960 255 1994; x_wconf 90' lang='lat' dir='ltr'>ll.</span> <span class='ocrx_word' id='word_1_245' title='bbox 279 1974 370 1996; x_wconf 88' lang='lat' dir='ltr'>uum.</span> <span class='ocrx_word' id='word_1_246' title='bbox 386 1962 437 1996; x_wconf 82' lang='lat'>24.</span> <span class='ocrx_word' id='word_1_247' title='bbox 452 1963 493 1995; x_wconf 87' lang='lat' dir='ltr'>R.</span> <span class='ocrx_word' id='word_1_248' title='bbox 506 1982 548 1987; x_wconf 86' lang='lat'>-</span> <span class='ocrx_word' id='word_1_249' title='bbox 565 1963 635 1997; x_wconf 80' lang='lat' dir='ltr'>Csr.</span> <span class='ocrx_word' id='word_1_250' title='bbox 652 1964 704 1998; x_wconf 85' lang='lat' dir='ltr'>ed.</span> <span class='ocrx_word' id='word_1_251' title='bbox 723 1963 851 2007; x_wconf 83' lang='lat' dir='ltr'>Redep.</span> <span class='ocrx_word' id='word_1_252' title='bbox 877 1975 950 2007; x_wconf 84' lang='lat' dir='ltr'>pag.</span> <span class='ocrx_word' id='word_1_253' title='bbox 967 1962 1039 1997; x_wconf 88' lang='lat'><strong>110.</strong></span> <span class='ocrx_word' id='word_1_254' title='bbox 1065 1972 1134 1997; x_wconf 90' lang='lat' dir='ltr'>not.</span> <span class='ocrx_word' id='word_1_255' title='bbox 1149 1962 1206 1998; x_wconf 83' lang='lat'>29.</span> 
     </span>
     <span class='ocr_line' id='line_1_33' title="bbox 166 2015 906 2063; baseline 0.005 -15"><span class='ocrx_word' id='word_1_256' title='bbox 166 2016 201 2060; x_wconf 70' lang='lat'>³)</span> <span class='ocrx_word' id='word_1_257' title='bbox 228 2015 297 2049; x_wconf 84' lang='lat' dir='ltr'>Cfr.</span> <span class='ocrx_word' id='word_1_258' title='bbox 323 2017 375 2050; x_wconf 89' lang='lat' dir='ltr'>ed.</span> <span class='ocrx_word' id='word_1_259' title='bbox 399 2018 530 2062; x_wconf 82' lang='lat' dir='ltr'>Redep.</span> <span class='ocrx_word' id='word_1_260' title='bbox 554 2032 627 2063; x_wconf 82' lang='lat' dir='ltr'>pag.</span> <span class='ocrx_word' id='word_1_261' title='bbox 656 2018 731 2053; x_wconf 88' lang='lat'><strong>110.</strong></span> <span class='ocrx_word' id='word_1_262' title='bbox 754 2027 826 2052; x_wconf 84' lang='lat' dir='ltr'>not.</span> <span class='ocrx_word' id='word_1_263' title='bbox 850 2017 906 2053; x_wconf 85' lang='grc'>30.</span> 
     </span>
     <span class='ocr_line' id='line_1_34' title="bbox 168 2070 759 2114; baseline 0.005 -10"><span class='ocrx_word' id='word_1_264' title='bbox 168 2070 204 2113; x_wconf 73' lang='lat'>⁴)</span> <span class='ocrx_word' id='word_1_265' title='bbox 229 2070 334 2105; x_wconf 87' lang='lat' dir='ltr'>Deest</span> <span class='ocrx_word' id='word_1_266' title='bbox 359 2072 525 2114; x_wconf 80' lang='lat' dir='ltr'>„Paulus“</span> <span class='ocrx_word' id='word_1_267' title='bbox 552 2073 587 2106; x_wconf 87' lang='lat' dir='ltr'>in</span> <span class='ocrx_word' id='word_1_268' title='bbox 611 2075 686 2108; x_wconf 87' lang='lat' dir='ltr'>edd.</span> <span class='ocrx_word' id='word_1_269' title='bbox 711 2074 759 2107; x_wconf 88' lang='lat' dir='ltr'>M.</span> 
     </span>
     <span class='ocr_line' id='line_1_35' title="bbox 167 2126 1116 2175; baseline 0.002 -15"><span class='ocrx_word' id='word_1_270' title='bbox 167 2126 200 2170; x_wconf 90' lang='lat'>⁵)</span> <span class='ocrx_word' id='word_1_271' title='bbox 227 2127 295 2160; x_wconf 68' lang='lat' dir='ltr'>Cir.</span> <span class='ocrx_word' id='word_1_272' title='bbox 323 2127 452 2161; x_wconf 86' lang='lat' dir='ltr'>Coloss.</span> <span class='ocrx_word' id='word_1_273' title='bbox 479 2129 504 2168; x_wconf 84' lang='lat' dir='ltr'>l,</span> <span class='ocrx_word' id='word_1_274' title='bbox 529 2129 581 2163; x_wconf 87' lang='lat'>15.</span> <span class='ocrx_word' id='word_1_275' title='bbox 676 2129 710 2175; x_wconf 81' lang='lat'>⁶)</span> <span class='ocrx_word' id='word_1_276' title='bbox 734 2129 822 2162; x_wconf 88' lang='lat' dir='ltr'>Edd.</span> <span class='ocrx_word' id='word_1_277' title='bbox 845 2130 894 2163; x_wconf 88' lang='lat' dir='ltr'>M.</span> <span class='ocrx_word' id='word_1_278' title='bbox 921 2128 1116 2172; x_wconf 79' lang='lat' dir='ltr'>„visibilis.“</span> 
     </span>
     <span class='ocr_line' id='line_1_36' title="bbox 170 2182 942 2230; baseline 0.004 -15"><span class='ocrx_word' id='word_1_279' title='bbox 170 2182 203 2226; x_wconf 89' lang='grc'>7)</span> <span class='ocrx_word' id='word_1_280' title='bbox 228 2182 331 2217; x_wconf 89' lang='lat' dir='ltr'>Hebr.</span> <span class='ocrx_word' id='word_1_281' title='bbox 356 2185 382 2224; x_wconf 87' lang='lat' dir='ltr'>I,</span> <span class='ocrx_word' id='word_1_282' title='bbox 403 2183 438 2219; x_wconf 85' lang='lat'>3.</span> <span class='ocrx_word' id='word_1_283' title='bbox 533 2184 568 2226; x_wconf 75' lang='lat'>²³)</span> <span class='ocrx_word' id='word_1_284' title='bbox 593 2185 672 2230; x_wconf 80' lang='lat' dir='ltr'>Sap.</span> <span class='ocrx_word' id='word_1_285' title='bbox 695 2186 763 2219; x_wconf 82' lang='lat' dir='ltr'>Sal.</span> <span class='ocrx_word' id='word_1_286' title='bbox 788 2186 864 2227; x_wconf 88' lang='lat' dir='ltr'>Vll,</span> <span class='ocrx_word' id='word_1_287' title='bbox 887 2185 942 2219; x_wconf 84' lang='lat'>25.</span> 
     </span>
     <span class='ocr_line' id='line_1_37' title="bbox 166 2238 948 2286; baseline 0.005 -16"><span class='ocrx_word' id='word_1_288' title='bbox 166 2238 200 2282; x_wconf 81' lang='lat'>⁹)</span> <span class='ocrx_word' id='word_1_289' title='bbox 226 2239 358 2272; x_wconf 90' lang='lat' dir='ltr'>Desunt</span> <span class='ocrx_word' id='word_1_290' title='bbox 382 2239 417 2272; x_wconf 84' lang='lat' dir='ltr'>in</span> <span class='ocrx_word' id='word_1_291' title='bbox 441 2240 517 2273; x_wconf 81' lang='lat' dir='ltr'>edd.</span> <span class='ocrx_word' id='word_1_292' title='bbox 543 2241 592 2277; x_wconf 86' lang='grc' dir='ltr'>Μ.</span> <span class='ocrx_word' id='word_1_293' title='bbox 617 2242 736 2274; x_wconf 86' lang='lat' dir='ltr'>verba:</span> <span class='ocrx_word' id='word_1_294' title='bbox 764 2240 841 2286; x_wconf 89' lang='lat' dir='ltr'>„qui</span> <span class='ocrx_word' id='word_1_295' title='bbox 869 2243 948 2274; x_wconf 85' lang='lat' dir='ltr'>est.“</span> 
     </span>
    </p>
   </div>
   <div class='ocr_carea' id='block_1_7' title="bbox 122 2299 1008 2335">
    <p class='ocr_par' dir='ltr' id='par_1_9' title="bbox 122 2299 1008 2335">
     <span class='ocr_line' id='line_1_38' title="bbox 122 2299 1008 2335; baseline 0.003 -3"><span class='ocrx_word' id='word_1_296' title='bbox 122 2299 299 2333; x_wconf 71' lang='lat' dir='ltr'>Omoflms</span> <span class='ocrx_word' id='word_1_297' title='bbox 324 2300 449 2334; x_wconf 76' lang='lat' dir='ltr'>OPERA</span> <span class='ocrx_word' id='word_1_298' title='bbox 475 2301 571 2335; x_wconf 79' lang='lat' dir='ltr'>Tom.</span> <span class='ocrx_word' id='word_1_299' title='bbox 596 2302 688 2335; x_wconf 88' lang='lat' dir='ltr'><strong>XXI.</strong></span> <span class='ocrx_word' id='word_1_300' title='bbox 819 2313 823 2317; x_wconf 82' lang='grc'>·</span> <span class='ocrx_word' id='word_1_301' title='bbox 987 2301 1008 2334; x_wconf 84' lang='grc'>4</span> 
     </span>
    </p>
   </div>
  </div>
 </body>
</html>
