1404 2463
119 91 161 126 12
496 91 690 124 Pnotosus
714 91 851 124 Rurmr.

120 182 238 226 rum¹)
261 182 442 221 rationem,
474 194 571 226 quam
604 182 654 214 illi
686 182 726 213 ad
758 180 963 225 impietatem
997 187 1179 218 traxerant,
1202 179 1242 212 ad

119 244 277 288 pietatem
309 244 371 276 iste
385 244 419 287 ²)
452 252 672 275 converteret.
737 242 852 276 Sicubi
884 254 961 283 ergo
993 253 1055 273 nos
1085 240 1120 272 in
1150 239 1244 272 libris

120 305 189 351 ejus
214 305 340 350 aliquid
358 306 390 349 ³)
424 314 538 337 contra
569 304 604 336 id
636 304 839 343 invenimus,
872 303 963 347 quod
994 303 1034 335 ab
1059 302 1134 346 ipso
1149 302 1182 346 ⁴)
1208 302 1241 333 in

119 366 236 399 ceteris
261 366 342 399 locis
367 366 423 411 pie
448 367 488 399 de
513 365 677 399 Trinitate
701 366 809 397 fuerat
827 364 1011 403 definitum,
1038 363 1128 396 velut
1151 363 1246 396 adul-

119 438 261 461 teratum
295 429 359 461 hoc
391 437 423 460 et
454 427 600 460 alienum
632 437 687 460 aut
718 426 1083 471 praetermissimus‚⁵)
1112 434 1168 457 aut
1193 436 1243 457 se·
1274 439 1279 442 ·

120 491 267 522 cundum
292 502 363 522 eam
389 490 536 531 regulam
562 489 774 533 protulimus,
801 500 898 532 quam
923 488 964 519 ab
989 487 1062 532 ipso
1089 487 1245 531 frequen-

118 562 169 584 ter
191 552 378 584 invenimus
403 551 610 583 affirmatam.
656 550 693 584 Si
725 563 789 594 qua
818 563 895 582 sane
925 550 1015 582 velut
1039 549 1155 593 peritis
1179 547 1244 593 jam

119 624 151 646 et
174 614 352 646 scientibus
377 614 536 657 loquens,
567 613 645 645 dum
671 612 816 644 breviter
839 611 978 643 transire
1004 611 1093 650 vult,
1125 611 1245 642 obscu-

117 675 185 707 rius
208 675 369 719 protulit:
399 687 478 712 nos,
511 683 548 705 ut
578 673 789 705 manifestior
818 673 915 704 fieret
939 673 1050 711 locus,
1082 685 1136 712 ea,
1162 684 1244 716 quae

119 737 160 769 de
184 736 253 781 ipsa
278 750 313 768 re
338 737 371 768 in
408 735 481 768 aliis
513 735 582 780 ejus
615 734 707 766 libris
732 735 878 778 apertius
904 735 1099 776 legeramus,
1123 732 1245 777 adjeci-

116 812 201 838 mus,
226 797 449 842 explanationi
473 797 660 829 studentes:
684 795 766 828 nihil
790 805 902 828 tamen
923 805 1073 828 nostrum
1091 794 1244 832 diximus,

118 861 176 892 sed
207 860 286 891 licet
317 859 350 891 in
384 858 456 891 aliis
488 859 570 890 locis
602 858 709 896 dicta,
741 858 896 902 tamenfi)
919 870 975 889 sua
1001 856 1110 900 sibi7)
1134 855 1246 888 reddi-

116 923 235 955 dimus.

205 984 280 1015 Hoc
294 983 328 1025 ⁸)
366 991 476 1014 autem
508 980 635 1012 idcirco
667 980 700 1012 in
733 981 939 1024 praefatione
965 978 1177 1018 commonui,
1201 991 1245 1010 ne

118 1047 205 1077 sorte
231 1044 486 1077 calumniatores
513 1042 681 1085 iterum9)
705 1055 738 1073 se
766 1042 965 1075 criminandi
981 1041 1168 1086 putent¹⁰)
1194 1040 1243 1072 in-

214 1157 243 1200 ¹)
270 1155 326 1189 Sic
359 1168 473 1187 omnes
504 1155 584 1187 Mss.
616 1154 857 1188 martianaeus:
895 1163 1100 1186 »creatarum
1130 1165 1241 1185 rerum

118 1202 312 1234 rationem«
363 1200 548 1233 Merlinus:
582 1209 785 1232 »creaturam
811 1212 954 1238 rerum,«
989 1199 1242 1231 Genebrardus:

120 1257 325 1279 »creaturam
349 1254 572 1277 naturarum.¹‹
600 1246 639 1276 R.
667 1264 706 1269 —
732 1245 819 1276 Edd.
847 1245 892 1277 M.
921 1253 1166 1276 »creaturarum
1191 1256 1243 1275 ra-

114 1292 241 1324 tionem
256 1305 271 1318 «

208 1338 241 1380 2)
270 1337 372 1368 Deest
399 1334 499 1367 »isteu
527 1334 559 1366 in
586 1334 663 1366 edd.
686 1333 832 1372 Merlin.‚
857 1333 972 1377 iternq.
995 1333 1086 1377 Opp.
1104 1332 1242 1365 Hieron.

119 1383 169 1415 ed.
196 1381 348 1414 Martian.
373 1381 472 1413 Tom.
497 1380 536 1412 V.
567 1378 722 1412 Martian.
754 1380 828 1421 (cfr.
862 1378 951 1422 Opp.
977 1378 1116 1412 Hieron.
1142 1378 1241 1410 Tom.

117 1427 192 1471 IV.)
221 1427 341 1471 »ipsu«
368 1446 408 1452 υ-
433 1426 486 1457 De
511 1437 601 1468 seqq.
627 1424 685 1455 cfr.
713 1423 882 1456 Admonit.
907 1423 1012 1455 Buaei
1035 1436 1127 1456 num.
1151 1422 1182 1457 3.

210 1473 243 1515 ³)
269 1472 325 1505 Sic
356 1483 470 1503 omnes
504 1470 603 1508 Mss.,
634 1469 748 1512 sicque
780 1468 1021 1507 Mardanaeus,
1047 1469 1104 1512 qui
1121 1477 1240 1500 'tamen

118 1517 226 1561 (Opp.
257 1517 398 1549 Hieron.
428 1515 527 1547 Tom.
553 1514 626 1556 IV.)
656 1523 730 1545 ante
772 1514 865 1557 »pie«
898 1513 1008 1545 addit:
1043 1513 1237 1545 »fidelium«

118 1562 301 1594 Merlinus:
330 1560 474 1604 »aliquid
501 1560 582 1592 citra
606 1559 638 1590 id
665 1558 870 1597 invenimus,
907 1559 996 1602 quod
1023 1578 1063 1583 —
1090 1557 1173 1591 locis
1199 1558 1240 1590 de

117 1607 253 1652 pietate,
280 1607 320 1639 de
343 1605 526 1639 Trinitateu
555 1613 615 1636 etc.
641 1604 681 1636 R.

209 1653 242 1694 ⁴)
267 1652 421 1684 Martian.
446 1651 522 1692 (cfr.
547 1649 638 1692 Opp.
662 1648 801 1681 Hieron.
826 1648 923 1680 Tom.
940 1646 1133 1692 IV,)*›»eo.«

209 1699 241 1738 ⁵)
267 1697 353 1729 Edd.
378 1695 532 1729 Merlini:
559 1693 877 1737 »praetermissum«

208 1744 243 1785 ὃ)
269 1741 423 1774 Martian.
455 1740 532 1783 (cfr.
563 1739 654 1782 Opp.
687 1738 826 1771 Hieron.
859 1739 958 1771 Tom.
977 1737 1050 1781 IV.)
1088 1750 1164 1770 »sua
1194 1747 1241 1770 ta-

116 1801 224 1820 men«
320 1787 354 1830 ⁷)
378 1786 440 1818 Ed.
465 1786 513 1818 Μ.
540 1784 580 1816 ll.
608 1783 720 1827 »ipsi«

208 1833 242 1875 ⁸)
268 1833 359 1876 Opp.
384 1830 520 1862 Hieron.
546 1830 597 1861 ed.
622 1828 775 1861 Martian.
800 1828 898 1860 Tom.
925 1828 965 1860 V.
993 1827 1135 1860 »Haec.«

210 1878 244 1919 ⁹)
268 1877 324 1911 Sic
350 1888 464 1908 omnes
490 1874 599 1907 Codd.
623 1874 702 1906 Mss.
736 1882 767 1904 et
798 1873 1030 1905 Martianaeus.
1075 1872 1239 1906 Merlinus

118 1934 229 1956 autem
254 1931 287 1955 et
310 1920 563 1954 Genebrardus:
588 1919 714 1950 »inde.«
765 1918 853 1950 Male
880 1917 1028 1949 omnino.
1060 1918 1145 1950 Nam
1169 1917 1239 1962 ipse

119 1969 258 2002 Rufinus
281 1965 441 1999 lnvectiv.
466 1964 523 1997 lib.
544 1964 569 1996 l.
594 1964 749 1996 adversus
766 1963 1008 2007 Hieronymum
1030 1962 1132 1995 citans
1152 1963 1239 1994 hunc

121 2015 235 2046 locum
259 2012 320 2044 ait:
349 2010 473 2053 »Quod
498 2008 583 2040 dixi:
607 2011 749 2050 iterum,
779 2007 837 2040 illa
862 2021 955 2039 causa
981 2016 1047 2046 est,
1071 2007 1146 2051 quia
1174 2007 1236 2051 jam

120 2059 225 2092 sancti
239 2055 391 2102 episcopi
407 2053 544 2087 Joannis
562 2052 738 2097 epistolam
755 2053 795 2085 de
813 2053 877 2084 fide
896 2053 936 2084 ad
956 2061 1102 2084 sanctum
1124 2051 1235 2084 Theo-

121 2104 250 2149 philum
275 2101 432 2145 scriptam
457 2099 620 2131 criminati
645 2107 730 2139 sunt,
757 2098 888 2142 quando
911 2110 1030 2142 corpus
1055 2097 1235 2129 humanum

119 2149 211 2182 aliud
234 2146 347 2180 nescio
382 2145 461 2189 quid
491 2144 656 2186 fingebant
691 2156 758 2175 esse
790 2156 887 2188 quam
924 2155 1074 2182 carnem;
1110 2141 1235 2174 idcirco

120 2198 243 2228 iterum
266 2191 394 2237 posuis«
422 2190 460 2222 R.

196 2240 248 2281 ¹⁰)
272 2237 327 2271 Sic
352 2248 466 2267 omnes
492 2234 598 2266 Codd.
626 2234 702 2266 Mss.
737 2243 769 2265 et
793 2242 918 2264 veteres
944 2231 1113 2264 editiones.
1151 2231 1235 2264 Mar-

122 2282 401 2326 timaeus-(Opp.
426 2280 564 2312 Hieron.
591 2280 687 2311 Tom.
704 2279 774 2321 lv.)
805 2286 1007 2321 »putarent.«
