1404 2463
408 105 452 126 υΕ
479 94 670 127 ancwns
694 95 804 128 LlssER
829 95 868 126 ΙΙ.
1130 93 1196 127 203

74 185 215 225 degunt,
247 197 263 216 a
290 183 384 216 nullo
408 183 552 216 arbitror
575 183 729 217 dubitari.
777 185 859 216 Nam
885 191 918 215 et
941 182 1018 226 (94)
1044 195 1195 214 commu-

74 245 124 277 nis
157 246 305 278 omnium
336 245 400 277 hoc
431 253 538 277 servat
579 244 713 288 opinio,
754 254 786 276 et
824 243 1034 276 confirmatio
1064 253 1195 276 sanctae

76 306 268 351 scripturae
293 306 498 339 auctoritatis
521 305 660 344 accedit,
685 318 759 337 cum
785 305 916 344 dicitur,
941 304 1019 349 quia
1035 305 1067 347 ¹)
1093 305 1194 345 „fecit

76 368 168 400 Deus
201 378 291 400 cetos
322 381 473 410 magnos,
511 377 543 399 et
576 380 708 399 omnem
734 368 876 399 animam
901 366 1117 399 animantium
1143 380 1194 398 re-

74 429 235 472 pentium,
250 442 332 473 quae
347 430 575 473 produxerunt
590 441 692 473 aquae
706 429 887 461 secundum
903 441 1004 470 genus
1018 441 1145 460 eorum.
1160 429 1192 470 2)

74 491 123 523 Ex
147 491 316 523 communi
348 504 426 523 vero
450 490 586 523 rationis
611 490 830 532 intelligentia
855 490 1069 522 confirmatur
1094 491 1193 522 etiam

73 554 114 584 ab
140 552 198 594 his,
224 552 280 597 qui
304 551 533 584 definitionem
548 551 581 595 ³)
606 551 733 583 animae
759 551 854 584 certis
877 552 1099 584 determinant
1122 565 1193 584 ver-

74 613 134 646 bis.
181 612 394 656 Definitur⁴)
419 626 560 657 namque
586 613 739 656 anim-2⁵)
767 614 832 645 hoc
858 614 974 651 modo,
1006 612 1128 657 quiass)
1153 613 1195 645 sit

76 674 254 707 substantia
287 673 509 719 (Ιανῐαστικὴ
542 683 573 706 et
605 673 796 719 ὁρμητικὴ,
837 675 929 718 quod
960 674 1079 715 latine,
1118 674 1195 706 licet

75 749 143 768 non
175 745 240 767 tam
266 737 403 780 proprie
429 736 639 780 explanetur,
672 736 738 768 (lici
761 745 870 768 tamen
896 745 1007 779 potest
1030 736 1193 768 sensibilis

75 807 107 829 et
137 797 282 830 mobilis.
340 797 442 841 Quod
483 798 596 842 utique
636 797 793 830 convenit
832 797 932 829 etiam
965 798 1006 829 de
1040 798 1193 830 omnibus

73 858 269 891 animalibus
295 859 371 898 dici,
397 860 474 900 et7)
501 859 560 897 his,
586 872 668 904 quae
693 860 725 890 in
751 859 841 903 aquis
867 859 1006 900 degunt3
1029 860 1086 891 sed
1111 868 1143 891 et
1159 858 1191 890 in

77 920 270 952 volucribus
303 921 417 952 endem
450 921 646 963 definitioss)
674 922 799 952 animae
825 920 1060 952 convenienter
1085 930 1194 953 osten-

75 981 173 1016 ditur.
222 981 359 1014 Addidit
393 994 469 1013 sane
502 982 673 1026 Scriptura
712 981 810 1013 etiam
848 982 982 1013 alterius
1012 982 1194 1014 sententiae

75 1043 323 1083 auctoritatem,
362 1056 437 1074 cum
470 1043 569 1075 dicit:
611 1044 708 1084 „Non
722 1043 754 1085 9)
791 1043 1030 1075 manducabitis
1066 1044 1194 1085 sangui-

75 1118 171 1144 nem,
207 1105 282 1148 quia
313 1105 420 1137 anima
451 1104 553 1137 totius
587 1104 689 1136 carnis
720 1103 849 1145 sanguis
875 1103 943 1148 ejus
968 1114 1033 1144 est,
1070 1116 1100 1138 et
1125 1119 1193 1138 non

78 1167 318 1199 manducabitis
350 1166 492 1198 animam
523 1179 598 1198 cum
630 1166 827 1210 carnibus:“
864 1166 897 1197 in
923 1179 990 1210 quo
1016 1168 1194 1201 evidentis-

75 1228 158 1260 sime
189 1227 379 1269 sanguinem
414 1227 562 1260 omnium
594 1227 785 1260 animalium
815 1227 958 1260 animam
984 1242 1100 1261 eorum
1125 1243 1194 1263 esse

77 1289 233 1331 designat.
280 1290 355 1321 Jam
387 1303 465 1321 vero
497 1289 523 1321 si
555 1289 625 1333 quis
655 1289 818 1332 requirat,
853 1291 1026 1332 quomodo
1052 1291 1195 1324 animam

78 1351 185 1383 omnis
210 1350 314 1383 carnis
338 1350 528 1391 sanguinem
553 1350 622 1394 ejus
647 1362 715 1382 esse
741 1349 833 1389 dixit,
861 1351 900 1381 de
922 1352 1049 1395 apibus,
1076 1353 1194 1396 vespis,

77 1421 109 1444 et
139 1411 304 1450 formicis,
338 1421 369 1444 et
398 1412 438 1444 de
473 1411 537 1450 his,
572 1423 655 1456 quae
693 1411 726 1443 in
752 1411 844 1456 aquis
868 1421 960 1451 sunt,
994 1413 1129 1454 ostreis,
1162 1425 1194 1447 et

78 1472 241 1513 cochleis,
285 1482 318 1505 et
346 1485 560 1517 quaecunque
592 1482 667 1505 sunt
699 1473 829 1516 alia¹⁰)
862 1487 944 1517 quae
982 1485 1094 1508 carent
1123 1490 1194 1509 sau-

76 1534 190 1576 guine,
229 1544 261 1567 et
295 1547 363 1567 esse
400 1534 577 1567 animantia
607 1534 875 1567 manifestissime
907 1536 1194 1572 demonstrantur:

77 1596 347 1639 respondendum
379 1606 443 1635 est,
480 1588 706 1640 quoniamst)
740 1596 771 1628 in
790 1597 841 1640 12)
873 1597 1102 1641 hujuscemodi
1127 1601 1194 1632 ani-

79 1656 262 1697 mantibus,
297 1670 395 1702 quam
426 1657 458 1689 in
491 1657 609 1689 ceteris
634 1657 699 1689 vim
725 1658 821 1689 habet
845 1657 937 1689 rubri
961 1659 1124 1700 sanguinis
1149 1662 1196 1694 vi-

79 1730 156 1759 gor,
188 1719 271 1751 hanc
302 1718 368 1750 vim
400 1719 529 1751 obtinet
559 1719 593 1751 in
625 1718 695 1751 istis
718 1718 839 1750 humor
862 1718 940 1758 iste,
976 1720 1031 1764 qui
1054 1721 1136 1755 inest
1160 1723 1193 1757 in

179 1829 209 1873 ¹)
234 1829 296 1862 Ed.
320 1825 371 1862 M..
396 1830 433 1862 ll.
461 1831 604 1874 „quod.“
633 1851 671 1854 —
698 1830 787 1862 Gen.-
809 1830 833 1870 l,
858 1830 911 1863 21.

171 1885 204 1928 2)
230 1885 291 1917 Ed.
315 1885 363 1918 M.
389 1885 428 1918 ll.
455 1890 603 1926 „suum.“
661 1886 694 1929 ³)
712 1885 774 1917 Ed.
792 1885 838 1919 Μ.
858 1887 882 1918 Ι.
905 1885 1194 1924 »diffinitionem.“

171 1941 203 1984 ⁴)
229 1940 291 1973 Ed.
316 1941 363 1972 M.
390 1940 414 1974 l.
443 1940 670 1981 ‚,Diffinitur.“
698 1959 737 1964 --
775 1941 842 1973 Cfr.
876 1942 927 1974 ed.
963 1942 1091 1988 Redep.
1122 1959 1195 1990 pag,

82 1985 157 2019 206.
181 1995 250 2017 not.
276 1985 328 2018 21.
430 1986 462 2030 ⁵)
486 1987 590 2018 Deest
616 1986 763 2027 „anim-‘1⁴‘
789 1986 822 2018 in
848 1988 923 2018 edd.
949 1987 997 2019 M.

175 2041 208 2084 6)
233 2041 295 2074 Ed.
321 2041 368 2074 M.
394 2041 434 2073 ll.
460 2043 604 2085 „qu0d.“
711 2043 742 2085 ⁷)
768 2042 854 2075 Edd.
880 2043 926 2076 Μ.
953 2053 1007 2084 „et
1032 2044 1064 2076 in
1091 2045 1169 2078 his.«

174 2098 206 2140 s)
232 2097 293 2129 Ed.
320 2097 365 2129 M.
397 2097 419 2129 l.
447 2097 657 2129 »diffinitio.“

173 2155 207 2197 9)
233 2153 300 2185 Cfr.
327 2152 427 2186 Levit.
452 2154 560 2192 XVll,
588 2154 637 2187 14.
662 2154 739 2186 coll.
769 2154 818 2189 13.

156 2209 207 2252 ¹⁰)
232 2208 288 2241 Sic
313 2209 391 2241 Mss.
410 2206 504 2241 ‘Alias
529 2209 574 2252 (v.
601 2223 628 2243 c.
653 2210 686 2242 in
711 2211 786 2243 edd.
815 2211 876 2255 M.)
904 2210 1033 2251 „talia.“
1062 2212 1100 2244 R.

155 2267 206 2309 Η)
232 2264 292 2298 Ed.
320 2265 367 2298 M.
397 2265 439 2299 ll.
466 2267 607 2309 „quod.«
679 2266 731 2308 ¹²)
759 2267 860 2299 Deest
887 2266 961 2309 ,‚in“
988 2266 1020 2298 in
1046 2267 1119 2299 edd.
1147 2268 1193 2301 M.
