1404 2463
153 114 198 150 34
637 112 813 147 Onmums

153 204 254 249 vel¹)
287 202 445 235 materiae
477 202 616 248 propria
647 212 733 237 sunt.
781 203 929 247 Propter
959 202 1051 247 quod
1084 211 1200 234 natura
1231 201 1289 234 illa

155 266 299 311 simplex
324 273 357 297 ct
382 273 452 296 tota
475 277 569 296 mens
585 273 624 296 ut
637 274 824 305 moveatur,
850 265 903 296 vel
920 263 1127 308 operetur²)
1150 263 1292 308 aliquid,

156 327 241 360 nihil
266 324 438 358 dilationis
463 335 519 358 aut
545 326 768 359 cunctationis
793 327 916 359 habere
935 335 1058 371 potest,
1081 338 1124 357 ne
1148 338 1210 370 per
1233 325 1291 358 bu-

155 388 305 435 iusmodi
329 387 582 433 adjunctionem
608 388 854 428 circumscribi,
886 388 939 421 vel
964 387 1109 420 inhiberi
1133 387 1294 431 aliquate-

157 464 220 484 nus
243 450 397 483 videatur
423 449 555 482 divinae
578 459 716 482 naturae
742 449 956 495 simplicitas,
986 449 1035 482 uti
1062 462 1104 482 ne
1129 450 1221 494 quod
1247 440 1296 482 est

158 511 364 558 principium
390 512 554 552 omnium,
582 511 811 556 compositum
838 511 1030 544 inveniatur
1056 520 1088 543 et
1113 511 1294 551 diversum,

162 584 195 607 et
218 574 260 607 sit
285 572 409 613 multa,
438 585 506 605 non
531 586 655 613 unum,
688 573 779 617 quod
812 583 948 618 oportet
977 573 1083 606 totius
1109 586 1294 618 corporeae

161 634 376 670 admixtionis
399 633 547 666 alienum
571 647 637 667 una
661 635 744 675 sola,
768 644 806 667 ut
822 635 866 668 ita
887 635 1039 676 dixerim,
1064 635 1197 668 deitatis
1221 647 1298 680 spe-

162 698 214 732 cie
238 706 389 729 constare
449 695 584 741 Qui-²³)
615 705 728 729 autem
758 710 853 730 mens
884 710 953 729 non
974 697 1121 739 indigeat
1146 697 1236 737 loco,
1261 706 1299 729 ut

162 760 348 794 secundum
371 767 524 791 naturam
548 771 640 791 suam
662 758 897 804 moveatur,'¹)
923 760 1098 803 certum⁵)
1123 769 1172 792 est
1197 759 1297 791 etiam

164 836 203 856 ex
225 830 360 854 nostrae
383 820 504 853 mentis
531 820 831 865 contemplatione.
879 821 972 854 Haec
1008 820 1097 853 enim
1130 821 1157 853 si
1181 821 1215 853 in
1240 833 1298 853 sua

162 895 317 918 mensura
342 882 510 922 consistat,
533 895 596 915 nec
612 882 646 926 6)
672 895 709 914 ex
735 883 886 927 qualibet
913 896 1010 916 causa
1025 882 1155 927 aliquid
1180 882 1211 915 ei
1236 883 1301 914 ob,

162 945 305 985 tusionis
329 943 471 983 eveniat,
494 943 579 976 nihil
601 956 749 988 unquam
775 958 813 977 ex
839 945 994 978 locorum
1015 944 1208 978 diversitate
1232 954 1299 977 tar-

165 1007 309 1046 dabitur,
334 1004 515 1050 quominus
538 1003 605 1037 suis
629 1004 778 1038 motibus
803 1016 892 1048 agat:
916 1019 1026 1051 neque
1050 1019 1164 1039 rursus
1188 1019 1226 1039 ex
1250 1006 1303 1038 lo—

166 1082 283 1103 corum
316 1066 476 1112 qualitate
514 1076 731 1109 augmentum
771 1067 929 1112 aliquod,
970 1068 1025 1100 vel
1055 1067 1301 1100 incrementum

164 1129 365 1164 mobilitatis
394 1128 549 1173 acquirit.
598 1128 704 1172 Quod
736 1127 763 1161 si
796 1128 1007 1173 obtendat7)
1043 1129 1181 1174 aliquis,
1210 1127 1304 1162 verbi

166 1192 282 1236 gratia,
303 1190 384 1236 ,quia
408 1190 637 1233 navigantibus
667 1200 700 1223 et
730 1191 887 1223 fluctibus
917 1191 1018 1224 maris
1041 1190 1170 1237 jactatis
1193 1190 1303 1224 minus

166 1254 339 1299 aliquanto
365 1265 459 1285 mens
485 1251 611 1294 vigeat,
644 1264 743 1296 quam
775 1251 888 1294 vigere
919 1252 953 1285 in
985 1253 1082 1286 terris
1107 1254 1209 1286 solet:
1234 1266 1302 1286 non
1351 1282 1353 1284 .

168 1330 205 1350 ex
230 1315 300 1348 loci
325 1313 519 1347 diversitate
541 1313 578 1346 id
601 1313 692 1358 pati,
727 1314 786 1345 sed
818 1327 857 1346 ex
882 1316 1035 1359 corporis
1061 1314 1304 1354 commotione,

166 1379 222 1411 vel
246 1375 506 1410 conturbatione
531 1375 735 1407 credendum
762 1384 827 1415 est,
860 1376 914 1408 cui
945 1391 1038 1410 mens
1069 1376 1224 1423 adjuncta
1249 1376 1304 1408 vel

167 1441 291 1473 inserta
316 1447 375 1471 est.
423 1437 566 1470 Videtur
599 1436 688 1469 enim
720 1437 812 1481 quasi
845 1448 960 1471 contra
984 1448 1136 1471 naturam
1160 1438 1196 1470 in
1220 1437 1304 1471 mari

1100 1502 1115 1517 Q

266 1607 297 1659 1)
321 1606 379 1642 Sic
409 1606 491 1638 Mss.
523 1604 615 1637 Alias
651 1605 700 1647 (ν.
726 1617 753 1638 c.
777 1605 812 1637 in
837 1605 915 1639 edd.
940 1605 1020 1649 M.)
1040 1605 1115 1646 „vel
1145 1605 1304 1650 propriae

170 1653 330 1686 materiae
354 1649 493 1696 propria
516 1659 604 1683 sunt.
611 1653 628 1670 “
654 1650 696 1682 R.

265 1708 299 1751 ²)
326 1708 373 1739 lta
398 1716 488 1739 recte
521 1705 660 1737 omnino
695 1718 811 1738 omnes
847 1705 958 1738 Codd.
983 1706 1064 1739 Mss.
1090 1706 1182 1739 Alias
1206 1707 1253 1751 (v.
1279 1720 1305 1740 c.

172 1756 206 1787 in
233 1754 308 1786 edd.
333 1753 401 1797 M.)
435 1760 631 1802 „open-etur,
668 1750 796 1802 aliquid
828 1750 999 1783 dilationis
1029 1751 1151 1784 habere
1182 1761 1305 1804 potest,

172 1813 213 1832 ne
239 1812 300 1843 per
324 1817 364 1822 —
392 1795 619 1829 circumscribi
653 1796 706 1828 vel
738 1795 918 1828 inhabitari
944 1817 984 1822 —-
1015 1796 1231 1841 simplicitas
1256 1797 1305 1830 uti

173 1858 214 1877 ne
239 1844 332 1888 quod
359 1842 561 1887 piincipium
588 1841 751 1874 omnium.
757 1845 773 1861 ‘⁴
801 1842 841 1875 R.

262 1900 298 1942 ³)
323 1898 379 1931 Sic
403 1898 484 1930 Mss
504 1898 595 1929 Alias
619 1899 665 1940 (v.
682 1910 710 1929 c.
729 1896 762 1928 in
781 1897 856 1929 edd.
879 1897 948 1941 Μ.)
976 1897 1088 1941 „Quia
1113 1911 1192 1940 ergo
1213 1911 1306 1931 mens

173 1957 240 1977 non
267 1944 393 1985 indiget
418 1943 507 1975 loco.
512 1946 529 1962 “
551 1943 589 1975 R.
617 1963 642 1966 —
666 1942 729 1975 Ed
755 1943 803 1976 M.
824 1943 863 1976 ΙΙ.
889 1942 1037 1985 „Qu0d“
1057 1957 1139 1987 pro:
1161 1943 1304 1987 „Quia.“

264 2000 298 2043 ⁴)
322 2000 384 2031 Ed.
409 1999 457 2031 M.
485 1999 507 2031 l.
534 2007 740 2039 „moveatur‚
765 2007 802 2030 ut
827 2002 978 2030 (τοι-1111114*
1006 2008 1068 2032 etc.

266 2056 298 2098 ⁵)
323 2055 379 2088 Sic
404 2055 484 2087 Mss.
511 2054 602 2086 Alias
626 2054 673 2098 (v.
699 2067 726 2088 c.
751 2053 785 2085 in
806 2054 880 2086 edd.
900 2055 966 2099 M.)
995 2064 1145 2095 „certum
1171 2064 1221 2087 est
1245 2068 1307 2088 no-

175 2111 258 2133 strae
281 2100 433 2133 mentis.“
462 2100 500 2131 R.

267 2158 301 2200 ὁ)
325 2157 381 2189 Sic
406 2157 486 2189 Mss.
514 2155 604 2187 Alias
629 2155 675 2199 (v,
701 2169 727 2187 c.
752 2155 785 2187 in
811 2156 888 2189 edd.
913 2156 978 2199 M.)
1017 2167 1099 2196 „nec
1132 2167 1169 2187 ex
1194 2155 1306 2199 aliqua

174 2217 279 2236 causa.
286 2206 302 2222 ‘⁴
329 2202 368 2234 R.

254 2259 296 2302 ⁷)
323 2258 378 2290 Sie.
399 2257 479 2289 Mss.
508 2256 595 2288 Alias
627 2257 672 2299 (ι.
699 2270 725 2288 c.
751 2256 785 2288 in
810 2257 885 2289 edd.
913 2256 978 2299 Μ)
1011 2255 1215 2298 „contendat
1244 2255 1306 2288 ali-

173 2305 257 2350 quis,
283 2324 335 2342 -—,
360 2302 436 2347 quia
460 2301 688 2343 navigantibus
713 2302 880 2336 fluctibus.
885 2306 901 2322 “
928 2301 967 2334 R.
