1404 2463
145 115 211 151 464
621 115 799 149 Otuflssms

145 219 161 238 a
186 205 298 247 Filio,
330 217 398 237 non
431 217 492 249 per
524 204 752 249 prolationem
786 206 827 236 ab
853 217 913 243 e0,
945 213 982 236 ut
1006 204 1192 250 quidam¹)
1219 217 1283 249 pu—

145 277 235 306 tant,
261 276 436 309 generatus
461 276 510 299 est
535 266 701 311 Filius.²)
748 267 784 300 Si
811 266 899 299 enim
925 266 1074 311 prolatio
1101 275 1151 299 est
1173 266 1284 299 Filius

148 329 265 369 Patris,
290 329 440 373 prolatio
466 341 545 360 vero
572 328 705 368 dicitur,
731 342 816 373 quae
841 329 942 360 talem
967 329 1131 370 significat
1151 341 1286 370 genera-

146 390 295 433 tionem,
327 390 437 434 qualis
462 390 657 423 animalium
683 392 733 423 vel
759 391 934 422 hominum
959 391 1046 423 solet
1071 402 1140 423 esse
1163 401 1286 434 proge-

147 453 274 496 nies,³)
308 452 494 485 necessario
529 465 651 497 corpus
684 462 732 485 est
764 463 797 484 et
828 452 872 491 is,
910 452 967 497 qui
992 451 1155 496 protulit,
1190 460 1223 483 et
1248 450 1286 490 is,

147 515 204 559 qui
230 516 383 559 prolatus
409 525 467 547 est.
516 516 594 547 Non
625 515 712 546 enim
739 515 902 553 dicimus,
927 514 1013 547 sicut
1039 512 1197 546 haeretici
1221 505 1287 557 pu·-

148 585 235 615 mnt,
277 586 407 620 partem
423 576 454 621 4)
489 577 636 622 aliquam
671 578 872 610 substantiae
897 577 965 610 Dei
998 579 1030 610 in
1055 576 1185 608 Filium
1215 587 1288 606 ver-

148 651 236 676 sam,
261 648 318 670 aut
344 651 381 670 ex
406 639 509 671 nullis
533 639 760 671 substantibus
785 638 913 671 Filium
939 648 1157 683 procreatum
1184 650 1202 670 a
1226 637 1289 670 Pa-

149 710 217 740 tre,
241 699 276 732 id
304 709 371 740 est,
405 710 493 732 extra
519 701 736 733 substantiam
761 713 873 740 suam,
905 710 943 732 ut
967 699 1070 732 fuerit
1094 699 1288 744 aliquando,

148 763 284 806 quando
318 775 388 794 non
419 762 540 803 fuerit;
577 765 635 795 sed
669 763 815 795 abscisso
849 762 942 795 omui
974 776 1073 795 sensu
1105 773 1288 806 corporeo,

149 838 189 856 ex
212 823 373 856 invisibili
407 833 439 856 et
462 824 669 868 incorporeo
695 825 836 856 verbum
862 833 895 856 et
918 823 1116 868 sapientiam
1142 822 1288 866 genitam

150 885 293 918 dicimus
317 887 444 930 absque
467 885 538 917 ulla
564 885 737 928 corporali
762 885 936 930 passione,
962 886 1056 917 velut
1080 885 1107 918 si
1132 885 1290 917 voluntas

151 949 316 992 procedat
348 960 365 979 e
397 956 522 981 mente.
570 947 640 979 Nec
666 947 848 979 absurdum
876 947 1061 987 videbitur,
1098 959 1174 979 cum
1200 947 1290 978 dica-

149 1020 205 1042 tur
229 1010 338 1042 Filius
373 1009 536 1047 caritatis,
573 1009 598 1040 si
633 1009 697 1040 lmc
729 1010 835 1041 modo
862 1009 963 1041 etiam
988 1008 1170 1042 voluntatis
1193 1017 1292 1053 pute-

150 1084 214 1105 tur.
263 1073 331 1105 Sed
358 1081 390 1103 et
413 1072 560 1103 Joannes
584 1070 728 1113 indicat,
761 1071 883 1115 quia⁵)
911 1071 1025 1112 „Deus
1051 1071 1106 1102 lux
1133 1073 1222 1110 est‚“
1258 1078 1291 1102 et

150 1135 274 1168 Paulus
301 1133 461 1175 designat,
487 1133 563 1177 quia
577 1134 610 1176 ⁶)
628 1133 737 1165 Filius
762 1132 926 1177 splendor
949 1132 1033 1165 lucis
1056 1131 1290 1164 aeternae-sit.

151 1197 248 1230 Sicut
281 1208 360 1237 ergo
395 1196 449 1227 lux
480 1208 650 1240 nunquam
683 1195 753 1227 sine.
779 1196 963 1239 splendore
989 1207 1058 1227 esse
1083 1193 1215 1239 potuit,
1246 1193 1291 1226 ita

150 1273 212 1292 nec
244 1258 354 1291 Filius
392 1257 530 1302 quidem
568 1257 639 1290 sine
680 1257 778 1290 Patre
815 1256 958 1299 intelligi
999 1265 1130 1301 potest,
1167 1255 1224 1301 qui
1258 1265 1292 1288 et

152 1323 255 1363 figura
270 1319 303 1364 ⁷)
330 1332 482 1363 expressa
507 1319 711 1351 substantiae
737 1318 819 1364 ejus,
845 1329 877 1351 et
902 1320 1042 1351 verbum
1069 1328 1102 1351 et
1126 1317 1290 1362 sapientia

151 1383 284 1416 dicitur.
312 1382 500 1426 Quomodo
527 1393 605 1422 crgo
631 1389 745 1424 potest
770 1381 849 1422 dici,
874 1382 952 1426 quia
965 1382 999 1426 ⁹)
1018 1382 1081 1414 suit
1098 1380 1292 1425 aliquando,

152 1446 287 1490 quando
319 1457 388 1476 non
413 1442 478 1474 fuit
502 1441 636 1474 Filius?
675 1442 766 1474 Nihil
799 1443 887 1474 enim
914 1443 1005 1475 aliud
1032 1452 1082 1475 est
1106 1443 1140 1475 id
1167 1444 1293 1483 dicere,

157 1608 237 1641 les.
260 1607 396 1638 Janu.·n·.
424 1604 692 1644 „indivisibilisf‘
743 1605 810 1637 Sed
845 1604 998 1649 sequitur
1026 1605 1139 1638 statim
1164 1606 1294 1637 denuo:

159 1651 397 1693 „invisibilisfl
449 1651 542 1683 Malo
570 1650 656 1682 Cod.
681 1659 718 1681 ut
742 1663 841 1693 saepe
868 1663 946 1682 usus
972 1664 1043 1682 esse
1069 1650 1203 1683 videtur
1226 1651 1294 1683 Ru-

155 1700 250 1730 smus.
277 1717 318 1722 —
346 1697 416 1730 Csr.
442 1696 492 1727 ed.
520 1696 649 1739 Redep.
675 1708 748 1739 pag.
774 1694 851 1730 368.
876 1705 949 1728 not.
976 1695 1026 1730 13.

256 1754 287 1798 ¹)
313 1752 418 1785 Verbi
445 1765 542 1783 causa
567 1751 802 1784 Valentiniani.

249 1811 283 1852 2)
311 1811 443 1842 Runeus
469 1808 570 1852 Apol.
595 1808 739 1851 Pamph.
767 1809 831 1841 loc.
857 1807 944 1841 laud.
971 1808 1004 1841 in
1029 1808 1136 1841 notis:
1162 1807 1295 1849 „Omit-

156 1856 239 1888 titnr
263 1855 297 1887 in
325 1854 440 1892 editis,
467 1863 499 1885 et
524 1854 557 1885 in
584 1853 741 1885 omnibus
767 1854 846 1886 Mss.
875 1854 1042 1897 Apolog.,
1065 1855 1124 1886 sed
1150 1854 1296 1886 restitui-

156 1913 210 1933 ιιιι·
234 1915 271 1934 ex
290 1900 385 1932 libris
407 1901 447 1932 de
467 1898 658 1943 Principiis,
684 1909 715 1930 et
731 1899 958 1931 restituendus
975 1900 1125 1932 videtur:
1149 1901 1294 1940 Fili-us!

250 1959 284 2000 ³)
311 1956 368 1989 Sic
395 1957 473 1989 Mss.
500 1955 590 1987 Edit}
616 1961 662 1997 (v.
690 1969 716 1988 c.
742 1955 819 1988 edd.
846 1956 911 1999 M.)
939 1955 1157 1999 „progenieffi
1194 1956 1295 1997 habe:

156 2003 206 2036 bit
230 2001 418 2035 necessario
446 2013 568 2044 corpus
594 2011 627 2032 et
652 2001 700 2032 is'⁸
728 2010 792 2034 etc.
819 2001 858 2034 R.

252 2058 285 2099 ⁴)
312 2058 367 2091 Sic
392 2058 473 2090 Mss.
500 2057 589 2089 Libri
623 2058 705 2089 editi
738 2058 783 2097 (v.
819 2069 846 2089 c.
875 2057 952 2089 edd.
980 2057 1046 2101 M.)
1080 2056 1206 2101 „patris
1236 2056 1297 2094 eli-

158 2117 257 2149 quam
292 2103 508 2135 substantiam
535 2101 602 2134 Dei
634 2102 665 2134 in
691 2102 820 2135 Filium
854 2115 1003 2141 versam,
1033 2112 1090 2134 aut
1121 2116 1158 2134 ex
1192 2102 1294 2137 nullis

159 2148 413 2181 subsistentibus
439 2148 588 2180 Filiun.“
625 2157 686 2180 etc.
715 2148 753 2181 R.
786 2168 826 2173 —
866 2148 935 2180 Cfr.
977 2148 1028 2180 ed.
1054 2148 1184 2193 Redep.
1220 2159 1295 2192 pag.

159 2194 234 2230 369.
261 2203 331 2226 not.
357 2194 387 2226 ό.
414 2193 443 2226 7.
543 2195 575 2237 ⁵)
603 2194 612 2224 l
638 2195 759 2226 Joann.
789 2193 812 2232 l,
836 2193 869 2227 5.

253 2251 287 2293 ⁶)
312 2249 375 2281 Ed,
404 2249 450 2282 M.
478 2249 515 2280 ll.
545 2249 691 2293 „quo‹l.“
743 2248 812 2281 Csr.
838 2249 942 2281 Hebr.
968 2249 995 2288 l,
1019 2248 1050 2283 3.
1088 2254 1091 2256 '

255 2305 288 2349 ⁷)
313 2305 416 2338 Hebr.
443 2306 467 2343 l,
492 2304 524 2339 3.
643 2305 675 2347 ⁸)
702 2306 765 2338 Ed.
795 2305 842 2338 Μ.
871 2307 912 2338 ll.
938 2305 1087 2348 „quod.“
