1404 2463
409 119 454 141 nr:
480 109 671 142 Pamcmns
696 109 806 141 Lfflssa
833 110 856 141 1.
1127 108 1188 143 133

593 291 655 324 EX

366 381 592 422 LIBRO
659 381 890 422 PRIMO

230 485 989 528 *HEPIAPXQN

120 590 303 634 Interprete
329 590 418 622 Divo
444 590 652 638 Hieronymo
676 590 708 622 in
733 591 886 635 Epistola
911 592 952 623 ad
979 591 1125 625 Avitum.

154 679 340 723 Grandis')
370 679 588 720 negligentiae
620 689 718 724 atque
750 680 894 712 desidiae
919 690 968 712 est
998 680 1031 712 in
1055 690 1184 713 tantum

65 753 335 784 unumquemque
365 741 529 780 defluere,
561 750 659 785 atque
692 742 861 782 evacuari,
891 751 927 774 ut
957 742 998 774 ad
1024 741 1101 773 vitia
1127 755 1182 774 ve-

64 800 155 833 niens
192 800 469 834 irrationabilium
502 801 728 847 jumentorum
760 803 863 848 possit
896 816 1004 836 crasso
1037 816 1181 848 corpore

65 862 224 904 colligari.

594 1100 654 1132 EX

219 1191 466 1231 EODEM
520 1191 745 1231 LIBRO
795 1191 1023 1231 PRIMO

280 1290 528 1329 ΠΕΡΙ
599 1289 970 1333 ΑΡΧΩΝ.

108 1391 238 1422 Eodem
268 1390 357 1422 Divo
390 1391 596 1436 Hieronymo
630 1392 810 1435 interprete
844 1391 876 1422 in
907 1392 1058 1436 Epistola
1093 1393 1133 1423 ad

543 1452 688 1484 Avitum.

164 1542 197 1572 Ιι]
217 1542 250 1584 ²)
291 1541 356 1573 fine
397 1550 495 1585 atque
540 1542 824 1574 consummatione
865 1542 998 1582 mundi,
1042 1544 1176 1586 quando

64 1603 154 1635 velut
177 1603 218 1634 de
243 1603 438 1646 quibusdam
462 1603 626 1647 repagulis
650 1612 748 1647 atque
769 1603 955 1635 carceribus
972 1604 1087 1635 missae
1107 1604 1178 1635 sue-

63 1664 129 1696 rint
160 1677 177 1696 a
211 1664 358 1696 Domino
390 1665 534 1704 animae,
569 1674 602 1696 et
631 1664 844 1697 rationabiles
877 1675 1062 1704 creaturae,
1099 1665 1177 1697 alias

65 1739 177 1758 earum
201 1726 326 1758 tardius
350 1726 504 1759 incedere
530 1727 573 1758 ob
597 1726 787 1766 segnitiem,
811 1726 888 1758 alias
913 1726 1040 1770 pernici
1063 1727 1177 1758 volare

65 1800 161 1818 cursu
194 1797 332 1831 propter
356 1787 560 1820 industriam.
610 1787 791 1831 Quumque
816 1801 931 1820 omnes
955 1788 1098 1820 liberum
1121 1789 1177 1820 ha-

64 1850 163 1881 beant
193 1848 384 1888 arbitrium,
422 1858 454 1881 et
483 1858 602 1894 sponte
634 1862 690 1881 sua
722 1850 773 1881 vel
805 1849 942 1882 virtutes
975 1849 1103 1895 possint
1125 1863 1178 1882 ca-

161 2000 190 2042 Ι)
215 1999 294 2030 Duo
320 2000 438 2050 haecce
462 2000 630 2044 sequentia
655 2002 835 2041 fragmenta
859 2002 899 2033 ad
924 2003 1046 2034 calcem
1075 2003 1175 2035 !ib.1.

65 2047 146 2078 πω)
179 2044 300 2087 ‘colob‘
330 2044 716 2097 1·e'ecin1US‚‹luonia!n
756 2046 1022 2091 interpretationi
1053 2048 1177 2087 Rufini,

66 2090 121 2133 qui
147 2102 184 2120 ea
207 2090 406 2132 suppiessit,
429 2089 561 2133 adjungi
587 2104 602 2121 e
627 2090 760 2131 regione
785 2105 850 2123 non
870 2102 1061 2136 potuerunt.
1081 2094 1118 2126 R.
1135 2114 1173 2118 —-

66 2135 134 2167 Csr.
159 2146 224 2212 ἔρ
255 2136 298 2166 ad
327 2134 414 2168 Avit.
446 2148 518 2178 pag.
544 2135 619 2168 761.
651 2135 728 2169 coll.
760 2137 810 2169 ed.
844 2138 970 2182 Redep.
1002 2151 1073 2182 pag.
1101 2139 1174 2172 14¹2.

66 2188 136 2212 not.

155 2235 189 2277 ²)
215 2234 284 2268 Ch.
315 2248 366 2279 ep.
391 2234 432 2266 ad
457 2234 542 2267 Avit.
569 2247 641 2279 pag.
669 2236 741 2270 762.
769 2238 845 2270 coll.
873 2240 926 2271 cd.
953 2240 1080 2283 Redep.
1106 2252 1166 2284 pag

69 2279 141 2313 145.
166 2288 236 2312 not.
260 2279 290 2313 6.
835 2316 840 2319 ἢ
