1404 2463
178 100 244 134 452
664 99 841 132 Onmsms

182 203 284 233 gnum
302 191 332 234 ¹)
360 190 537 222 coelorum
563 189 674 222 simile
700 199 749 223 est
772 190 929 222 thesauro
955 189 1154 221 abscondito
1178 189 1211 222 in
1230 202 1320 232 agro.

183 266 284 298 quern
310 265 386 285 cum
411 251 577 284 invenerit
601 251 725 291 homo,
750 251 947 291 abscondit,
972 260 1006 284 et
1029 264 1110 296 prae
1135 251 1256 292 gaudio
1280 251 1322 284 il-

185 314 248 347 lius
282 313 393 355 vadit,
432 323 460 346 et
496 313 608 346 omnia
635 326 720 357 quae
746 313 846 345 habet
872 313 1007 353 vendit,
1045 321 1077 344 et
1104 312 1185 344 emit
1208 315 1321 355 agi-unu

185 375 318 408 illum.“
362 376 398 407 ln
424 387 492 420 quo
519 374 761 417 diligentius-³)
787 374 972 414 considera,
997 374 1024 406 si
1050 387 1119 406 non
1145 374 1324 413 indicatur,

186 438 278 482 quod
303 438 413 469 solum
440 437 551 481 ipsum
581 446 614 469 et
637 436 843 481 superficies,
868 445 905 467 ut
929 435 975 467 ita
1000 435 1153 476 dixerim,
1171 435 1324 480 Scriptu-

185 512 259 539 rae,
284 499 318 531 id
344 508 412 538 est,
438 499 530 543 quod
555 499 740 531 secundum
766 497 897 530 literam
925 497 1062 538 legitur,
1099 511 1177 540 ager
1201 494 1324 530 estre-

186 562 297 605 pletus
333 569 366 593 et
400 561 524 593 florens
557 560 709 593 omnium
743 573 901 602 generum
929 559 1122 603 plantariis:
1159 559 1219 591 ille
1244 572 1324 591 vero

187 622 290 655 altior
325 631 357 655 et
388 622 640 667 profundi0r⁴)
672 622 855 667 spiritualis
894 621 1104 660 intellectus,
1148 620 1213 665 ipsi
1251 629 1327 653 sunt

187 685 335 717 thesauri
368 684 550 729 sapientiae
583 694 615 717 et
639 684 797 717 scientiae
822 682 1029 724 absconditi,
1070 695 1154 727 quos
1179 681 1326 727 Spiritus

187 756 320 779 sanctus
346 759 408 790 per
431 746 564 779 Esaiam
580 746 612 790 ⁵)
640 748 821 785 obscuros,
847 755 880 778 et
905 745 1107 782 invisibiles,
1133 753 1166 776 et
1189 744 1328 776 abscun-

188 808 277 841 ditos
303 810 476 841 thesauros
501 817 618 849 vocat3
650 807 709 852 qui
733 817 771 839 ut
797 806 936 839 inveniri
962 805 1110 850 possint,
1140 805 1208 837 Dei
1231 804 1326 849 adju-

189 870 279 903 torio
307 883 392 914 opus
419 878 485 907 est,
516 869 572 913 qui
600 870 692 901 solus
717 878 831 913 potest
855 876 969 911 portas
983 867 1017 910 ⁶)
1043 879 1173 906 aereas,
1205 867 1328 911 quibus

190 931 291 964 clausi
316 940 394 964 sunt
418 939 451 963 et
475 931 680 971 absconditi,
706 930 931 972 confringere,
958 937 990 961 et
1013 941 1100 961 seras
1125 929 1249 960 ferreas
1274 940 1329 960 ve-

190 1002 325 1037 ctesque
358 992 610 1035 comminuere,
643 992 765 1037 quibus
798 991 999 1036 prohibetur
1022 990 1186 1032 ingressus
1210 1002 1328 1035 perve-

189 1055 303 1087 niendi
328 1055 368 1087 ad
394 1067 433 1087 ea
458 1055 582 1093 omnia,
608 1067 693 1098 quae
718 1054 751 1086 in
779 1052 949 1096 Genesi⁷)
975 1053 1016 1085 de
1042 1051 1179 1085 diversis
1204 1051 1328 1085 anima-

190 1130 264 1149 rum
289 1116 466 1158 generibus
490 1116 613 1160 scripta
639 1125 716 1148 sunt
740 1125 772 1148 et
798 1116 951 1154 obtecta,
986 1123 1020 1147 et
1043 1115 1086 1146 de
1110 1114 1206 1158 hisss)
1231 1114 1329 1146 semi-

190 1179 288 1210 nibus
313 1191 351 1210 ac
376 1178 659 1219 generationibus,
685 1190 770 1223 quae
796 1179 852 1211 vel
877 1177 918 1209 ad
943 1176 1234 1221 prop-inquitatem
1252 1189 1328 1221 per—

193 1241 301 1273 tinent
329 1239 444 1280 lsrael,
469 1240 524 1271 vel
550 1239 648 1284 (187)
674 1253 759 1284 quae
784 1240 825 1271 ab
851 1238 920 1284 ejus
945 1238 1107 1283 progenie
1132 1238 1264 1281 longius
1279 1251 1331 1271 se-

192 1297 386 1344 g‘regantur3
411 1302 468 1334 sed
495 1310 529 1334 et
554 1314 638 1346 quae
663 1301 704 1333 sit
728 1301 786 1333 illa
812 1301 987 1333 descensio
1012 1300 1047 1332 in
1065 1305 1255 1346 Aegyptum
1279 1311 1330 1332 se-

190 1363 363 1407 ptuaginta
403 1362 610 1403 animarum,
649 1375 734 1407 quae
771 1362 981 1408 septuaginta
1019 1361 1149 1394 animae
1184 1362 1267 1395 siant
1295 1361 1329 1394 in

194 1426 348 1470 Aegypto
373 1424 459 1456 sicut
482 1423 591 1455 sidera
616 1423 705 1455 coeli
728 1423 762 1455 in
786 1423 1015 1456 multitudine.
1064 1423 1133 1457 Sed
1159 1422 1236 1468 quia
1259 1436 1330 1456 non

193 1498 328 1525 omnes,
370 1485 427 1530 qui
464 1498 503 1517 ex
539 1484 619 1529 ipsis
656 1494 768 1525 erant,
808 1485 923 1517 lumen
960 1493 1036 1517 sunt
1071 1483 1168 1530 hujus
1195 1484 1330 1517 mundi:

196 1548 343 1591 „Non⁹)
375 1546 464 1579 enim
500 1559 616 1579 omnes
650 1546 708 1591 qui
735 1559 772 1578 ex
799 1545 919 1585 lsrael,
955 1546 987 1578 hi
1012 1546 1183 1579 Israelitae
1207 1556 1327 1579 sunt:=‹

194 1622 232 1641 ex
258 1609 337 1653 ipsis
362 1609 572 1653 septuaginta
590 1609 640 1652 ¹⁰)
667 1608 840 1641 animabus
871 1608 955 1641 fiunt
979 1608 1095 1653 aliqui,
1111 1609 1117 1627 ¹
1133 1609 1163 1652 ¹)
1189 1618 1223 1641 et
1245 1608 1331 1641 sicut

194 1683 304 1710 arena,
329 1683 414 1715 quae
439 1680 488 1705 est
511 1671 554 1702 ad
580 1683 673 1702 oram
700 1669 800 1702 maris
825 1669 1090 1702 innumerabilis.
1106 1670 1160 1714 12)

293 1789 322 1832 ¹)
349 1787 469 1821 Matth.
494 1786 589 1826 ΧΙΙΙ,
613 1786 668 1820 44.

289 1845 324 1889 ²)
349 1844 406 1878 Sic
432 1845 512 1877 Mss.
539 1842 672 1888 (itemq.
700 1843 777 1876 edd.
803 1844 869 1888 Μ.)
896 1844 1005 1877 Editi:
1034 1843 1092 1885 „ld
1117 1847 1218 1888 quo.“
1244 1845 1284 1878 R.

288 1899 406 1952 ³).Sic
430 1900 511 1932 Mss.
538 1899 634 1931 Editi
659 1900 708 1944 (v.
733 1912 759 1931 c.
786 1899 861 1932 edd.
887 1899 952 1943 Μ.)
987 1899 1190 1940 „dilucidius
1212 1900 1330 1953 *consi-

197 1947 287 1986 dem,
312 1959 338 1978 si
363 1958 433 1977 non
459 1945 620 1978 dicatur.“
647 1945 686 1977 R.

288 2002 322 2046 ⁴²)
349 2001 407 2034 Sic
432 2001 510 2034 Mss.
537 2000 631 2033 Editi
658 2001 705 2043 (ν.
731 2014 760 2034 c.
785 2000 862 2034 edd.
887 2001 953 2044 M.)
980 2001 1225 2045 „profundus.“
1252 2002 1291 2035 R.

290 2057 323 2101 ⁵)
349 2057 419 2091 Cfr.
443 2057 544 2090 Jesai.
567 2057 674 2100 XLV,
698 2056 729 2091 3.
824 2057 859 2100 ⁶)
885 2056 954 2090 Cfr.
978 2056 1080 2091 Jesai.
1103 2057 1207 2098 XLV,
1230 2057 1262 2092 2.

290 2114 323 2156 ⁷)
351 2113 421 2146 Cfr.
448 2112 533 2145 Gen.
559 2113 600 2146 V.
627 2113 670 2146 Χ.
773 2112 808 2157 ⁸)
835 2112 904 2146 Cfr.
930 2113 1017 2146 Gen.
1040 2113 1150 2146 XXV.

287 2169 322 2212 ⁹)
348 2169 448 2201 Rom.
474 2169 536 2209 lX,
561 2167 591 2203 6.
708 2168 761 2212 ¹⁰)
788 2168 857 2201 Cfr.
883 2169 960 2201 Luc.
986 2168 1030 2208 X,
1056 2170 1085 2203 1.

271 2225 324 2266 ¹¹)
349 2223 416 2262 Ed.
442 2224 492 2258 M.
517 2224 561 2257 ll.
586 2224 713 2269 „aliqui
738 2222 850 2264 etiam,
874 2223 980 2257 εἰςιη(ι
1008 2234 1070 2258 etc.

271 2279 323 2321 ¹²)
349 2279 407 2311 Sic
434 2279 512 2311 Mss.
538 2279 631 2312 Editi
655 2281 702 2323 (v.
729 2293 754 2311 c.
775 2280 852 2311 edd.
868 2279 934 2324 M.)
962 2279 1273 2320 „innumerabiles.“
1291 2281 1327 2314 R.
