1404 2463
168 127 238 163 436
651 124 831 160 Omoemus

173 216 388 250 indicabatur
417 213 602 249 inclusum:
631 213 694 248 ista
717 215 760 248 de
786 227 883 249 causa
906 214 1104 260 procuravit
1128 214 1242 248 divina
1265 227 1315 248 sa-

173 277 302 323 pientia
337 276 550 310 offendicula
583 277 766 321 quaedam,
805 277 860 309 vel
895 276 1171 321 intercapedines>
1191 277 1316 310 intelli-

173 339 305 381 gentiae
330 338 404 372 fieri
430 337 634 380 historialis,
658 337 887 384 impossibilia
911 338 1076 383 quaedam
1100 347 1134 373 et
1156 338 1318 371 inconve-

173 400 301 435 nientia
328 413 392 446 per
414 400 568 433 medium
590 399 791 443 inserend03
820 409 858 433 ut
881 399 1086 445 interruptio
1111 399 1183 444 ipsa
1205 411 1319 433 narra-

174 462 277 496 tionis
309 462 404 495 velut
438 461 593 495 obicibus
623 461 829 507 quibusdam
857 461 984 504 legenti
1008 461 1140 494 resistat
1165 461 1319 507 objectis,

176 523 298 568 quibus
329 522 576 565 intelligentiae
606 523 704 569 huius
736 523 883 566 vulgaris
906 522 974 556 iter
997 535 1036 556 ac
1057 523 1234 556 transitum
1258 535 1318 556 ne-

176 594 249 628 get,
281 593 314 618 et
329 585 362 629 ¹)
387 583 540 619 exclusos
570 598 633 618 nos
664 598 880 618 ac1recussos
903 585 1089 630 revocet2)
1111 585 1154 618 ad
1177 583 1317 618 alterius

177 646 314 680 initium
340 646 432 687 viae,
465 656 503 680 ut
534 647 581 680 ita
606 647 759 688 celsioris
783 646 884 692 (174)
910 645 1086 692 cujusdam
1111 655 1145 679 et
1168 646 1320 679 eminen-

175 707 272 741 tioris
303 707 447 741 tramitis
476 720 540 753 per
562 708 692 750 angusti
717 708 813 741 callis
836 708 1022 751 ingressum
1045 708 1245 741 immensam
1270 708 1321 741 di-

158 758 274 802 ,vinae
301 768 461 802 scientiae
486 769 704 804 latitudinem
728 770 866 815 pandat.
907 769 1058 814 Oportet
1081 778 1194 802 autem
1218 768 1320 802 etiam

176 830 265 863 illud
298 843 361 863 nos
392 829 498 870 scire,
535 829 660 874 quia³)
691 843 768 862 cum
792 830 1028 875 principaliter
1050 839 1253 875 prospectus
1277 829 1321 863 sit

177 891 324 936 Spiritui
368 901 485 924 sancto
528 890 775 932 intelligentiae
813 890 998 936 spiritualis
1042 891 1319 937 consequentiam

178 951 409 996 custodire,⁴)
441 951 496 984 vel
520 951 554 984 in
581 951 651 992 his,
686 965 772 997 quae
796 951 866 995 geri
890 952 1033 993 debent,
1065 952 1120 986 vel
1144 965 1230 998 quae
1253 951 1322 997 iam

179 1022 346 1047 transacta
379 1022 475 1046 sunt:
505 1012 615 1045 sicubi
640 1013 779 1058 quidem
794 1014 829 1058 ⁸)
850 1013 980 1047 invenit
1003 1026 1061 1055 ea,
1093 1026 1179 1059 quae
1201 1027 1322 1047 secun-

179 1076 260 1108 dum
291 1074 467 1108 historiam
503 1083 594 1117 gesta
628 1085 726 1116 sunt,
760 1074 916 1120 aptari⁶)
947 1088 1049 1120 posse
1077 1075 1321 1118 intelligentiae

177 1137 364 1181 spirituali,
402 1136 531 1170 ordinis
560 1136 738 1181 utriusque
771 1145 901 1170 textum
932 1149 1003 1170 uno
1027 1137 1321 1171 narrationis'ser-

178 1211 281 1231 mone
314 1197 531 1243 composuit,
567 1198 668 1232 altius
699 1210 835 1243 sempor
864 1210 1022 1231 arcanum
1045 1211 1180 1232 sensum
1201 1212 1323 1234 recon-

183 1261 285 1301 dens3
311 1259 372 1292 ubi
397 1269 512 1293 autem
536 1260 706 1306 spirituali
728 1259 994 1304 *consequentiae
1017 1273 1135 1293 rerum
1155 1270 1322 1303 gestarum

177 1321 319 1354 historia
352 1321 534 1354 convenire
564 1334 635 1354 non
674 1330 828 1366 poterat,
867 1321 1039 1354 interdum
1078 1323 1320 1366 interam-nist)

180 1384 348 1429 quaedam
374 1383 430 1415 vel
454 1382 566 1415 minus
588 1392 690 1425 gesta,
714 1383 771 1415 vel
794 1395 879 1428 quae
905 1383 1046 1417 omnino
1070 1384 1141 1426 geri
1155 1397 1226 1418 non
1242 1396 1323 1430 pos-

179 1453 266 1485 sent,
297 1445 474 1477 interdum
501 1444 602 1477 etiam
629 1456 714 1489 quac
737 1454 878 1488 possent
901 1445 1043 1490 quidem
1066 1446 1155 1488 geri,
1184 1458 1248 1479 nec
1271 1455 1324 1479 ta-

180 1519 259 1539 men
284 1516 374 1549 gesta
397 1514 491 1538 sunt:
525 1514 559 1538 et
589 1518 836 1551 nonnunquamv
857 1507 974 1551 paucis
995 1507 1229 1548 sermonibus,
1264 1507 1322 1552 qui

179 1568 365 1601 secundum
391 1567 607 1612 corporalem
630 1567 890 1610 intelligentiam
913 1581 983 1602 non
1008 1569 1170 1603 videntur
1189 1581 1323 1602 servare

278 1745 309 1787 ¹)
335 1743 393 1777 Sic
419 1743 500 1777 Mss.
535 1744 630 1777 Editi
662 1744 710 1789 (v.
728 1750 770 1778 ὀ.
796 1746 872 1780 edd.
897 1746 963 1791 M.)
997 1754 1053 1788 „et
1085 1745 1236 1779 extrusos
1258 1758 1321 1779 nos

182 1802 221 1821 ac
246 1789 433 1821 exclus‹›s.“
462 1790 502 1823 R.

279 1845 314 1888 ²)
339 1844 402 1876 Ed.
429 1845 478 1880 M.
505 1846 528 1879 l.
557 1859 620 1887 „ne
645 1849 813 1879 revocet.“
879 1847 913 1890 ³)
939 1847 1003 1880 Ed.
1027 1846 1079 1880 Μ.
1103 1846 1146 1880 Π.
1173 1847 1320 1892 „quod.“

275 1899 311 1943 ⁴)
337 1899 394 1932 Sic
428 1901 507 1934 Mss.
539 1901 632 1934 Edit?
664 1903 712 1945 (v.
747 1915 774 1936 c.
808 1903 860 1936 ed.
887 1902 938 1934 ΜΓ
959 1901 1028 1945 ll.)
1052 1902 1246 1942 „custodire
1278 1903 1320 1934 de

182 1945 243 1985 his,
262 1949 368 1988 quae“
389 1954 451 1977 etc.
468 1947 508 1980 R.
522 1966 565 1971 —-
583 1947 647 1980 Ed.
667 1948 717 1981 M.
734 1948 760 1980 l.
780 1947 982 1988 „custodire,
998 1960 1040 1979 ne
1058 1947 1120 1987 his,
1136 1951 1242 1993 quae“
1258 1957 1320 1980 etc.

275 2000 310 2043 5)
336 1999 393 2032 Sic
428 2000 508 2034 Μῦς.
534 2002 701 2035 Merh‘nus
733 2003 805 2046 (ed.
832 2002 881 2037 M.
907 2003 956 2046 l.)
989 2001 1147 2047 „quidam
1182 2002 1320 2035 invene-

183 2053 261 2076 runt
285 2048 354 2076 ea.“
406 2044 644 2080 Genebrardus
669 2049 803 2095 (itemq.
829 2049 880 2080 ed.
900 2047 950 2082 Μ.
968 2048 1027 2092 li.)
1054 2048 1213 2093 „quidem
1239 2059 1320 2080 con-

182 2098 346 2120 venerunt
369 2101 406 2121 ea
421 2095 439 2112 “
466 2091 506 2124 R.

276 2144 310 2187 ⁶)
335 2144 467 2177 Desunt
490 2145 524 2177 in
550 2146 648 2179 editis
675 2147 722 2191 (v.
747 2160 774 2181 c.
801 2148 877 2181 edd.
904 2148 982 2192 M.),
1013 2147 1071 2180 sed
1097 2147 1263 2179 habentur
1286 2146 1319 2178 in

183 2188 262 2239 Mas.
288 2190 404 2220 verba:
430 2190 562 2233 „aptari
584 2204 684 2235 posse
708 2192 952 2235 intelligentiae
973 2192 1161 2237 spirituali,
1191 2191 1319 2224 ordinis

183 2242 356 2276 utriusque
382 2239 545 2270 textum.“
573 2236 612 2269 R.

274 2287 310 2327 7)
334 2288 397 2320 Ed.
425 2288 472 2321 M.
499 2289 524 2320 Ι.
550 2302 747 2334 perperam:
774 2293 1032 2333 ,‚imersemnt.“
