1404 2463
471 104 687 135 Anmom‘rio.
1120 102 1140 136 7

23 189 169 231 horruit;
205 199 236 222 et
259 190 394 223 reclusit
416 190 558 230 scrinio,
580 204 621 223 ne
646 191 778 235 probati
802 191 835 223 in
861 190 988 232 vulgus,
1012 192 1137 224 multo-

21 264 95 282 rum
120 251 246 283 animos
273 252 491 285 vulnerarent.
540 254 566 283 A
591 253 737 295 quodam
764 253 881 291 fratre,
915 252 972 296 qui
996 252 1138 285 habebat

22 313 130 344 zelum
155 313 237 354 Dei,
269 314 326 345 sed
351 326 417 345 non
440 313 627 345 secundum
649 313 831 353 scientiam,
855 322 987 355 rogatus
1012 323 1049 345 ut
1071 323 1137 346 tra-

20 374 114 406 deret
139 375 179 406 ad
205 375 398 416 legendum,
431 373 521 418 quasi
552 374 662 407 statim
694 375 886 417 reddituro,
918 384 1060 419 propter
1082 388 1139 408 an-

19 435 156 475 gustiam
188 435 370 480 temporis,
408 436 560 468 fraudem
595 449 664 468 non
694 436 806 480 potuit
842 436 1012 480 suspicari.
1068 436 1138 480 Qui

17 507 191 541 acceperat
213 498 387 539 legendos,
419 497 574 530 adhibitis
605 498 741 530 notariis
774 511 858 542 opus
892 510 990 530 omne
1015 497 1138 530 descri-

19 559 95 602 psit,
121 569 152 590 et
174 559 281 590 multo
308 558 447 590 celerius
472 571 570 602 quam
597 559 813 602 promiserat,
838 559 1000 593 Codicem
1025 558 1137 591 reddi-

19 620 84 659 dit,
121 621 303 664 eademque
333 620 521 652 temeritate
553 630 602 659 et,
633 630 669 652 ut
700 620 805 653 levius
837 620 964 660 dicam,
999 619 1138 664 ineptia,

18 682 109 725 quod
131 681 218 714 male
241 681 455 725 surripuerat,
481 682 574 727 pejus
598 681 656 713 alii
682 681 833 715 credidit.
880 682 924 714 Et
949 681 1024 726 quia
1049 681 1138 713 diffi-

16 742 78 774 cile
103 744 240 784 grandes
264 743 342 775 libri
368 743 409 775 de
433 743 531 775 rebus
554 742 704 788 myclicis
729 742 951 787 disputantes,
981 752 1137 775 notarum

15 814 156 848 possunt
177 818 306 837 servare
339 805 556 849 compendia,
589 804 785 849 praesertim
816 805 843 837 si
873 804 990 837 furtim
1021 803 1137 837 celeri-

14 874 131 910 terque
161 866 341 905 dictantur,
373 866 418 898 ita
447 866 481 898 in
512 866 579 898 illis
612 866 749 898 confusa
779 875 854 898 sunt
883 865 1014 905 omnia,
1043 875 1081 898 ut
1105 874 1138 897 et

16 926 134 959 ordine
162 927 198 959 in
232 927 401 972 plerisque
437 937 469 960 et
498 941 595 960 sensu
627 937 789 960 careant«
850 927 961 971 Quam
997 929 1042 959 ob
1065 940 1137 959 rem

14 988 122 1032 ipsum
147 989 189 1021 ad
213 989 351 1022 Avitum
376 989 545 1033 exemplar
568 989 698 1028 direxit,
723 990 815 1034 quod
832 1002 849 1021 a
871 1002 904 1021 se
924 988 1007 1021 olim
1030 998 1137 1021 trans-

15 1048 136 1088 latum,
173 1058 205 1081 et
227 1049 312 1082 nulli
335 1050 392 1082 alii
415 1050 593 1090 traditum,
633 1063 652 1082 a
683 1063 782 1094 supra
814 1050 904 1082 dicto
935 1051 1036 1082 fratre
1061 1063 1137 1094 per-

15 1123 107 1143 verse
131 1111 240 1143 fuerat
263 1111 410 1153 editum3
440 1112 498 1144 sed
522 1112 658 1143 Avitum
681 1121 898 1156 praemonet,
928 1111 1008 1156 quid
1033 1111 1138 1156 potis-

15 1172 137 1204 simum
160 1172 196 1203 in
219 1172 309 1205 hisce
332 1173 426 1205 libris
451 1174 635 1206 cavendum
659 1172 711 1213 sit,
728 1183 772 1205 ‘ut
798 1174 911 1213 »scias,
934 1172 1055 1217 inquit,
1079 1173 1137 1204 de-

15 1234 165 1266 testanda
188 1233 251 1266 tibi
274 1234 309 1266 in
332 1234 371 1267 iis
396 1247 465 1268 esse
489 1247 587 1279 quam
611 1234 766 1279 plurima,
791 1244 824 1266 et
845 1234 935 1280 juxta
947 1247 1137 1267 sermonem

14 1295 156 1328 Domini
189 1296 276 1328 inter
305 1296 498 1341 scorpiones
532 1296 787 1328 incedendum«
841 1296 923 1328 Mox
953 1309 971 1328 e
1001 1295 1136 1338 singulis

14 1357 107 1390 libris
131 1358 206 1390 loca
228 1358 373 1401 profert,
404 1370 487 1402 quae
511 1357 653 1390 maxime
677 1356 931 1403 reprehensioni
961 1367 1052 1389 erant
1075 1357 1136 1389 ob-

15 1418 123 1452 noxia.
154 1419 218 1457 VEa
240 1419 307 1452 suis
331 1432 481 1464 quaeque
508 1419 592 1452 locis
612 1419 725 1452 Rufini
748 1418 1015 1464 interpretationi
1040 1432 1135 1464 repe—

14 1481 79 1514 ries
103 1480 266 1526 adjuncta.
313 1481 443 1523 Integra
465 1494 569 1526 porro
594 1481 793 1527 Hieronymi
816 1480 1046 1526 interpretatio
1070 1479 1137 1524 jam

17 1543 143 1576 dudum
167 1542 288 1588 injuria
311 1552 503 1588 temporum
527 1543 708 1577 intercidit.
