1404 2463
206 88 271 123 190
682 86 855 118 OmGExrs

206 189 357 212 naturam
380 176 496 209 habuit
521 187 638 219 capere
662 175 786 216 Deum,
819 175 850 206 in
876 186 988 218 quem,
1013 182 1049 205 ut
1072 172 1222 216 superius
1246 170 1329 204 dixi-

207 253 292 279 mus,
316 238 450 281 velut¹)
474 237 506 269 in
532 238 669 268 verbum
694 245 727 268 et
751 236 949 280 sapientiam
974 244 1004 266 et
1024 234 1193 266 veritatem
1213 232 1329 274 tol-1²)

208 302 273 344 iam
297 309 447 333 cesserat.
496 299 592 331 Unde
624 308 656 331 et
679 298 801 330 merito
827 310 889 341 pro
916 309 968 335 eo,
993 296 1046 328 vel
1071 297 1162 340 quod
1187 305 1257 328 tota
1281 308 1330 327 es-

208 373 257 396 set
292 362 325 395 in
349 360 441 394 Filio
466 360 552 399 Dei,
591 360 642 392 vel
673 369 781 392 totum
813 361 846 391 in
877 371 910 390 se
943 367 1076 402 caperet
1104 357 1230 390 Filium
1254 357 1330 394 Dei,

211 424 308 457 etiam
332 423 402 467 ipsa
428 436 503 455 cum
528 434 585 461 ea,
617 434 713 466 quam
739 429 952 459 assumserat,
983 433 1096 459 carne,
1133 419 1199 451 Dei
1223 418 1331 451 Filius

211 495 243 518 et
266 485 333 517 Dei
358 484 478 525 virtus,
510 483 657 516 Christus
682 492 715 515 et
727 483 759 526 ³)
784 483 850 515 Dei
873 481 1033 526 sapientia
1058 480 1266 524 appellatur:
1293 488 1332 511 'et

211 560 342 579 rursum
368 544 431 578 Dei
455 544 581 584 Filius,
613 558 674 588 per
705 556 805 588 quem
835 543 947 575 omnia
978 551 1085 574 creata
1108 551 1201 581 sunt,
1235 542 1332 574 Jesus

212 609 361 642 Christus
388 617 421 640 et
444 607 532 639 filius
555 605 696 638 hominis
721 605 921 638 nominatur.
968 605 1053 637 Nam
1078 613 1109 636 et
1133 602 1242 636 Filius
1265 602 1333 634 Dei

210 680 363 703 mortuus
388 682 456 702 esse
482 668 614 707 dicitur,
637 681 699 711 pro
726 680 763 699 ea
786 666 915 699 scilicet
938 675 1065 705 natura,
1089 678 1173 710 quae
1189 674 1331 697 mortem

211 732 330 776 ntique
354 731 502 775 recipere
527 738 676 774 poterat:
703 738 735 761 et
758 728 845 761 filius
870 727 1012 760 hominis
1038 727 1246 772 appellatur,
1277 726 1332 771 qui

213 803 369 826 venturus
401 793 435 824 in
459 792 524 824 Dei
549 792 655 824 Patris
682 790 786 832 gloria
811 803 886 822 cum
910 790 1029 822 sanctis
1055 789 1177 831 angelis
1202 788 1334 833 praedi—

214 864 316 887 catur.
363 854 406 885 Et
438 854 497 886 hac
530 853 571 885 de
596 866 690 885 causa
714 866 776 896 per
800 864 936 884 omnem
961 850 1172 894 scripturam
1194 859 1263 882 tam
1287 850 1336 881 di-

214 916 291 947 vina
321 923 436 947 natura
466 913 616 946 humanis
642 912 812 945 vocabulis
836 912 1040 957 appellatur,
1071 925 1169 956 quam
1194 912 1335 944 humana

215 986 334 1009 natura
355 975 486 1008 divinae
510 974 812 1019 nuncupationis⁴)
835 973 1017 1015 insignibus
1042 974 1227 1006 decoratur.
1264 975 1337 1006 Ma—

215 1040 262 1081 gis
295 1038 383 1070 enim
417 1039 458 1070 de
490 1038 571 1076 hoc,
610 1049 710 1080 quam
735 1036 776 1068 de
800 1036 870 1067 ullo
896 1035 963 1067 alio
988 1035 1054 1067 dici
1078 1045 1207 1079 potest,
1245 1036 1336 1080 quod

217 1101 378 1145 scriptum
404 1108 469 1138 est,
501 1098 577 1143 quia
603 1098 765 1141 „erunt⁵)
789 1098 887 1129 ambo
921 1097 954 1128 in
981 1100 1078 1129 carne
1101 1109 1184 1140 una,
1217 1106 1250 1129 et
1271 1097 1336 1129 iarn

218 1176 287 1195 non
319 1171 394 1195 sunt
418 1161 503 1200 duo,
540 1160 599 1192 sed
624 1172 700 1191 caro
725 1164 819 1192 una.“
869 1158 973 1200 Magis
998 1158 1084 1190 enim
1111 1159 1247 1190 verbum
1272 1159 1338 1191 Dei

219 1238 294 1257 cum
329 1223 438 1255 anima
472 1223 506 1254 in
543 1234 638 1253 carne
678 1233 741 1252 una
780 1233 868 1261 esse,
909 1233 1007 1264 quam
1039 1220 1088 1252 vir
1118 1233 1192 1252 cum
1224 1233 1338 1260 uxore,

217 1286 403 1331 putandum
429 1293 487 1317 est.
533 1283 602 1315 Sed
628 1291 659 1314 et
690 1295 773 1314 unus
803 1282 938 1326 spiritus
963 1295 1031 1314 esse
1056 1295 1130 1314 cum
1154 1282 1248 1322 Deo,
1286 1283 1339 1314 cui

219 1349 322 1390 magis
361 1344 534 1383 convenit,
574 1357 672 1388 quam
711 1343 787 1375 huic
820 1343 965 1383 animae,
1005 1356 1089 1387 quae
1119 1356 1153 1376 se
1183 1343 1229 1376 ita
1261 1343 1337 1375 Deo

220 1423 282 1454 per
312 1407 528 1440 dilectionem
559 1405 683 1450 junxit,
715 1414 751 1437 ut
783 1418 857 1438 cum
890 1418 929 1438 eo
955 1418 1038 1437 unus
1062 1405 1196 1449 spiritus
1219 1405 1340 1437 merito

221 1469 377 1504 dicatur?

308 1531 340 1566 4.
388 1529 538 1573 Quodfi)
571 1538 681 1561 autem
719 1527 908 1560 dilectionis
946 1527 1128 1572 perfectio,
1171 1537 1204 1560 et
1232 1528 1343 1561 meriti

325 1684 354 1727 ¹)
379 1682 443 1714 Ed.
467 1681 516 1714 M.
542 1680 583 1712 ΙΙ.
610 1678 732 1720 „veluti
756 1678 790 1710 in
813 1679 973 1710 verbum“
999 1687 1061 1711 etc.

318 1740 351 1784 ²)
376 1739 439 1771 Ed.
463 1738 512 1770 M.
538 1736 561 1768 l.
589 1745 743 1777 „totam.«
839 1735 873 1779 3)
897 1735 1001 1767 Deest
1026 1737 1099 1775 „et“
1125 1734 1159 1767 in
1184 1735 1258 1768 edd.
1284 1735 1331 1768 Μ.

318 1796 353 1838 ⁴)
376 1795 439 1827 Ed.
464 1793 591 1836 Redep.
616 1803 808 1836 perperam:
836 1791 1191 1836 „nuncupationibus.“

320 1852 352 1895 ⁵)
378 1851 463 1884 Gen
488 1849 529 1888 ΙΙ,
552 1848 605 1881 ‘24
631 1848 708 1880 coll.
733 1848 837 1880 Marc.
865 1847 907 1886 L
931 1847 964 1881 8.

318 1908 352 1951 ⁶)
377 1907 505 1939 Graece
541 1905 619 1936 haec
650 1904 749 1936 verba
773 1912 810 1935 ut
834 1915 972 1935 erronea
995 1912 1219 1947 repraesentat
1241 1902 1343 1936 Justi-

229 1953 346 1986 ninnus
370 1953 557 2001 Imperator
586 1950 626 1981 ad
651 1949 773 1981 calcem
800 1948 894 1991 epist.
919 1949 959 1980 ad
984 1948 1140 1980 Mennam
1166 1948 1345 1981 Pati-iareb.

232 1999 403 2031 Constant.
434 1995 559 2049 (Mansi
587 1994 732 2038 ampliss.
766 1992 908 2026 collect.
934 1993 1117 2027 Concilior.
1146 1993 1245 2027 Tom.
1272 1994 1345 2036 IX.)

230 2056 303 2087 pag.
329 2042 402 2076 52S.
435 2039 504 2074 Δια
530 2054 631 2074 rmw
657 2044 716 2073 καὶ
740 2035 934 2093 ἅνθρωπος
957 2042 1085 2083 γέγονε
1111 2039 1283 2083 Χοιστὸς,
1310 2039 1346 2077 ἐξ

233 2086 562 2141 (ινδιια9’(·(ιίι]μαῒος
585 2098 709 2119 τουτου
733 2085 860 2128 τυχών,
885 2082 931 2122 ὠς
955 2089 1133 2129 μαρτυρεῖ
1154 2083 1172 2118 ὁ
1196 2082 1345 2140 προφή-

232 2147 291 2175 της
315 2136 375 2177 λε9
379 2144 446 2166 ωι·
474 2130 682 2174 ,,ἦ9(ἑηησας
707 2128 895 2164 δικαιοσὺι
888 2142 952 2171 ην,
977 2133 1037 2163 καὶ
1061 2130 1231 2182 ἐμίσησας
1257 2142 1345 2162 ανο-

236 2183 341 2211 ιη’·αν
371 2176 430 2209 διὰ
463 2190 524 2210 τοι
530 2189 566 2210 10
597 2178 717 2228 ἔχοισέ
746 2188 784 2209 σε
811 2174 827 2209 ὁ
853 2176 953 2216 θεὸς,
987 2173 1004 2207 ὁ
1031 2173 1112 2214 θεός
1136 2188 1202 2210 σου
1226 2176 1346 2209 ἔλαιον

228 2225 270 2277 fi)
276 2222 478 2259 αλλιάσεως
501 2221 598 2264 παρὰ
624 2220 703 2258 τούς
718 2219 890 2265 μετόχους
908 2232 983 2254 σου.
988 2223 1004 2240 “
1025 2219 1161 2263 (Psalm
1177 2220 1279 2260 XLV,
1297 2219 1345 2261 7.)

228 2253 383 2314 [fugiens
417 2268 454 2301 ἀὲ
480 2266 540 2300 ιὸι
567 2268 745 2310 ,ιιιμῖεπωε
771 2267 1036 2312 κεχωρισμένοι
1061 2265 1162 2308 (vulg.
1188 2267 1249 2299 τοῦ
1273 2277 1346 2310 μη-
