1404 2463
170 98 236 132 244
644 96 819 129 Oumrms

175 188 353 234 onychino,
378 197 411 220 et
435 185 650 232 chrysolitho,
675 196 708 218 et
733 187 962 232 chrysopasso,
994 195 1026 217 et
1050 185 1239 231 hyacintho,
1265 196 1296 218 et

175 250 370 295 amethysto.
407 248 498 292 Quin
523 247 623 280 etiam
649 247 816 280 ministros
841 246 1036 278 deliciarum
1061 261 1194 280 suarum
1219 249 1297 280 dan-

177 312 238 344 dos
263 311 324 343 sibi
348 310 548 351 alienigenas
572 318 700 353 putant,
724 322 808 353 quos
834 309 886 340 vel
906 318 1052 340 aratores
1070 310 1222 347 habeant,
1246 310 1297 341 vel

176 382 356 405 structoies
387 372 569 416 parietum,
604 385 620 404 a
645 371 764 416 quibus
789 371 896 403 diruta
923 371 1071 415 ipsorum
1097 381 1130 403 et
1153 371 1299 416 collapsa

178 435 293 467 civitas
328 443 531 466 exstruatur:
570 443 602 466 et
634 433 851 471 arbitrantur,
894 433 986 476 quod
1017 433 1192 465 facultates
1223 446 1301 474 gen-

180 496 262 528 tium
280 497 309 539 ¹)
335 495 500 540 accipiant
533 496 573 528 ad
608 495 793 535 edendum,
830 503 863 526 et
895 494 926 525 in
951 493 1076 526 divitiis
1099 506 1218 526 eorum
1241 486 1303 527 ‹lo-

179 558 356 596 minentur,
380 566 418 589 ut
441 557 586 599 etiam2)
612 556 729 589 cameli
754 555 890 588 Madian
915 565 948 587 et
973 556 1082 588 Cedar
1104 555 1247 595 veniant,
1270 565 1303 587 et

180 620 320 652 afferant
352 618 390 650 iis
404 619 435 663 ³)
463 632 598 658 aurum,
633 628 665 651 et
697 618 789 656 thus,
824 626 858 649 et
888 617 1013 661 lapides
1037 617 1214 662 pretiosos.
1261 617 1303 649 Et

181 681 261 713 haec
287 681 490 724 conantur⁴)
508 682 705 713 auctoritate
733 679 930 724 prophetica
955 679 1152 711 confirmare
1178 692 1216 711 ex
1239 679 1302 716 his,

182 755 266 787 quae
303 743 343 774 de
378 742 562 775 Jerusalem
602 741 918 785 repromissionibus
956 741 1078 785 scripta
1116 750 1208 774 sunt:
1247 741 1303 773 ubi

183 804 283 836 etiam
306 803 439 843 dicitur,
464 804 541 848 quia
565 804 621 848 qui
645 803 835 847 serviunt⁵)
862 802 1023 841 Domin,
1059 804 1306 835 manducabunt

184 876 216 898 et
239 866 373 904 bibent,
403 875 596 910 peccatores
627 874 737 897 autem
764 864 909 896 esurient
932 873 965 896 et
989 863 1120 904 sitient3
1157 874 1191 896 et
1216 865 1305 909 quod

186 927 344 959 laetitiam
369 935 466 968 agent
491 926 586 972 justi,
616 926 738 970 impios
762 939 840 958 vero
865 939 1002 958 moeror
1024 926 1218 970 possidebit.
1265 926 1308 958 Et

184 989 226 1020 de
250 1001 340 1020 novo
373 1001 508 1033 quoque
533 988 748 1020 Testamento
773 1000 890 1019 vocem
915 988 1092 1031 proferunt
1114 987 1308 1026 Salvatoris,

187 1063 250 1095 qua
276 1050 448 1094 discipulis
471 1049 641 1094 promittit
665 1051 706 1082 de
731 1049 797 1081 vini
824 1047 967 1088 laetitia,
992 1049 1121 1082 dicens:
1149 1049 1306 1092 „Quia⁶)

185 1125 253 1144 non
279 1111 390 1144 bibam
417 1124 454 1143 ex
478 1112 542 1143 hoc
567 1110 642 1156 jam,
667 1113 887 1156 usquequ07)
906 1110 1016 1142 bibam
1034 1109 1119 1142 illud
1137 1109 1308 1142 vobiscum

188 1187 314 1206 novum
346 1173 380 1206 in
414 1186 515 1215 regno
548 1173 655 1205 Patris
686 1173 785 1206 mei.“
834 1173 972 1205 Addunt
1002 1184 1136 1216 quoque
1168 1172 1246 1215 et⁸)
1270 1171 1310 1204 il-

190 1236 264 1275 lud,
297 1236 387 1279 quod
413 1235 568 1268 Salvator
597 1236 712 1267 beatos
744 1234 824 1267 dicit
855 1247 929 1274 eos,
969 1233 1025 1278 qui
1050 1247 1138 1266 nunc
1161 1233 1310 1266 esuriunt

189 1306 222 1329 et
245 1296 370 1336 sitiunt,
394 1296 558 1341 pollicens
583 1296 677 1340 iis,⁹)
703 1297 778 1341 quia
802 1299 1054 1336 saturabuntur;
1079 1305 1112 1328 et
1127 1297 1230 1328 multa
1247 1295 1312 1328 alia

190 1372 228 1391 ex
252 1358 436 1403 Scripturis
467 1359 619 1401 exempla
648 1359 904 1402 proferunt‚¹⁰)
934 1371 1077 1404 quorum
1104 1357 1171 1390 vim
1195 1358 1312 1399 figura-

190 1420 267 1452 liter
304 1419 446 1461 intelligi
484 1420 607 1452 debere
645 1433 712 1451 non
746 1419 903 1452 sentiunt.
963 1420 1051 1452 Tum
1084 1432 1163 1452 vero
1196 1432 1313 1452 secun-

191 1483 271 1514 dum
287 1483 293 1500 ¹
309 1483 338 1525 ¹)
363 1483 517 1521 formam,
543 1494 625 1526 quae
650 1481 682 1513 in
706 1482 766 1514 hac
785 1481 847 1513 vita
864 1490 923 1519 est,
948 1490 980 1513 et
996 1481 1178 1513 secundum
1196 1481 1313 1513 mundi

191 1543 288 1588 hujus
314 1543 549 1588 dispositiones
573 1543 786 1585 dignitatum,
811 1543 865 1575 vel
891 1542 1066 1581 ordinum,
1091 1543 1143 1575 vel
1168 1542 1315 1574 eminen-

193 1604 254 1637 tias
285 1613 506 1649 potestatum,
545 1618 636 1647 reges
666 1618 699 1637 se
733 1606 805 1637 sore
838 1614 871 1636 et
902 1604 1070 1649 principes
1101 1604 1313 1645 arbitrantur,

289 1734 318 1776 1)
344 1733 392 1765 Ita
417 1733 496 1765 Mss.
523 1733 614 1766 Alias
640 1736 687 1775 (v.
711 1746 738 1766 c.
765 1733 797 1765 in
823 1733 901 1765 edd.
925 1733 990 1774 M.)
1019 1736 1192 1774 „eorum.“
1219 1733 1258 1765 R.

287 1790 319 1832 ²)
345 1789 401 1822 Sic
426 1789 503 1821 Mss.
539 1789 572 1820 ln
604 1788 700 1821 editis
731 1789 778 1832 (v.
806 1802 830 1820 c.
856 1789 932 1821 edd.
958 1788 1024 1832 Μ.)
1057 1789 1176 1821 desunt
1198 1790 1312 1822 verba:

196 1835 318 1875 „etiam
344 1834 462 1866 carneli
488 1833 624 1867 Madian
650 1844 682 1866 et
708 1834 846 1867 Cedar.“
873 1835 910 1866 ΚΑ

284 1890 316 1933 ³)
341 1891 403 1923 Ed.
429 1891 477 1923 M.
506 1890 545 1923 ΙΙ.
573 1890 687 1923 »sibi.“

288 1945 320 1990 4)
346 1947 409 1980 Ed.
434 1947 482 1979 Μ.
507 1946 530 1979 I.
557 1957 743 1987 „conantur
767 1959 804 1979 ex
829 1947 1057 1980 auetoritatc.“

283 2002 315 2045 5)
341 2002 426 2034 Edd.
451 2001 500 2034 M.
528 2003 724 2044 „servient.“
842 2004 876 2046 6)
900 2003 1020 2036 Matth.
1046 2002 1170 2042 XXVI,
1194 2002 1246 2035 29.

288 2057 321 2101 τ)
345 2057 431 2090 Edd.
457 2058 505 2092 M.
531 2073 656 2104 „usque
681 2059 814 2091 bibam“
841 2068 903 2091 etc.

288 2114 322 2152 ²3)
348 2113 452 2146 Deest
478 2119 552 2155 „est‘
580 2115 613 2147 iu
638 2117 714 2148 edd.
742 2116 787 2148 M.
814 2137 854 2144 —
881 2114 999 2147 Matth.
1025 2115 1064 2154 V,
1091 2114 1122 2148 6.

287 2170 320 2212 ⁰)
345 2169 449 2201 Deest
479 2171 560 2211 „iis‘2
587 2171 618 2204 in
644 2172 717 2205 edd.
746 2172 792 2203 M.

269 2224 322 2268 ¹⁰)
347 2226 415 2258 Cfr.
441 2226 491 2258 ed.
518 2226 644 2270 Redep.
669 2240 741 2271 pag.
766 2228 843 2262 234.
867 2237 938 2260 not.
962 2226 1014 2261 39.

269 2283 320 2324 ΙΙ)
345 2281 407 2315 Ed.
432 2280 482 2316 M.
511 2283 547 2315 ΙΙ.
574 2295 767 2326 perperam:
797 2284 1029 2315 ›»secundan¹.“
