1404 2463
177 105 219 138 94
657 103 832 135 Omonms

174 194 368 227 nominibus
394 194 500 238 prima
526 194 622 225 nobis
647 191 820 236 inquisitio
847 200 1033 230 moveatur,
1059 192 1310 224 consideremus

174 258 201 289 si
225 257 328 289 sancti
352 255 479 298 angeli,
511 268 546 286 ex
575 267 640 298 quo
668 262 762 291 sunt,
793 265 927 296 semper
958 253 1063 285 sancti
1088 254 1245 294 fuerunt,
1277 263 1311 285 et

174 320 279 351 sancti
302 328 388 357 sunt,
413 317 583 360 sanctique
609 324 716 354 erunt,
742 323 773 346 et
797 326 906 358 neque
931 324 1133 359 receperunt
1153 328 1312 360 unquam,

174 394 284 425 neque
315 380 464 424 recipere
493 386 680 422 potuerunt
709 376 841 420 peccati
877 377 1003 410 locum.
1070 378 1159 410 Tum
1189 377 1312 410 deinde

177 443 279 474 etiarn
304 441 355 480 hi,
393 440 449 484 qui
482 439 586 471 sancti
618 438 827 482 principatus
857 438 1089 482 appellantur,
1120 439 1313 472 considere-

175 518 248 536 mus
273 503 299 536 si
323 503 431 535 statim
458 511 494 532 ut
519 499 621 532 creati
646 513 663 532 a
688 500 765 531 Deo
791 509 878 540 sunt,
905 501 1131 546 principatum
1157 513 1311 534 exercere

178 573 362 609 coeperunt
393 564 425 595 in
457 563 605 606 aliquos,
641 561 698 606 qui
732 561 772 594 iis
797 572 905 594 essent
935 563 1097 609 subjecti,
1130 563 1209 607 et¹)
1233 563 1312 595 illos

176 628 259 660 tales
285 635 430 664 creatos,
464 634 496 656 et
521 625 561 656 ad
588 624 652 656 hoc
678 624 804 663 factos,
835 633 872 656 ut
897 635 1006 657 essent
1029 625 1154 658 subditi
1179 634 1213 657 et
1236 626 1314 657 sub-

176 689 265 734 jecti.
313 686 478 721 Similiter
514 695 627 718 autem
669 694 701 717 et
736 698 821 730 quae
861 687 1077 730 appellantur
1117 696 1313 731 potestates,

177 761 291 784 utrum
315 749 397 781 tales
423 757 456 780 et
479 747 512 779 in
539 747 604 779 hoc
628 747 739 790 ipsum
766 756 895 779 creatae
927 758 1023 791 sunt,
1052 758 1090 781 ut
1122 758 1315 781 exercerent

176 821 397 858 potestatem3
429 823 470 841 an
502 808 659 841 meritum
691 809 830 854 aliquod
864 809 952 841 istud
991 819 1040 842 est
1067 820 1098 842 et
1123 810 1310 855 praemium

178 873 321 914 virtutis,
346 885 407 916 per
430 871 522 915 quod
547 871 588 903 ad
613 880 816 915 potestatem
842 871 937 903 istam
964 871 1228 917 dignitatemque
1257 885 1312 904 ve-

176 944 305 968 nerunt.
353 935 424 966 Nec
447 946 514 965 non
542 941 574 965 et
598 932 651 972 hi,
683 932 740 977 qui
763 933 876 965 throni
909 933 1085 973 dicuntur,
1122 934 1176 966 vel
1205 934 1311 975 sedes⁸

176 1011 216 1029 an
249 996 344 1028 istam
379 994 596 1027 beatitudinis
634 995 748 1026 sedem
787 995 1070 1040 stabilitatemque
1100 996 1202 1028 simul
1235 1009 1310 1029 cum

175 1058 376 1093 substantiae
407 1070 485 1089 suae
508 1056 702 1101 prolatione
733 1056 936 1096 meruerint,
966 1056 1048 1100 ut²)
1075 1071 1113 1090 ex
1138 1058 1313 1091 voluntate

175 1122 246 1154 sola
277 1121 342 1152 hoc
373 1119 566 1164 possideant
598 1118 778 1159 creatoris;
810 1118 863 1150 vel
896 1132 981 1163 quae
1010 1119 1226 1165 appellantur
1249 1121 1313 1153 do-

176 1182 387 1222 minationes,
412 1182 477 1214 hoc
502 1181 594 1226 quod
620 1180 854 1222 dominantur,
885 1194 954 1213 non
978 1194 1040 1226 per
1062 1183 1236 1227 profectus
1260 1182 1312 1214 sui

176 1243 333 1277 meritum
358 1244 398 1276 iis
423 1244 524 1276 suerit
548 1243 720 1282 additum,
752 1243 810 1274 sed
844 1243 1048 1276 conditionis
1079 1243 1313 1289 praerogativa

179 1310 338 1338 donatum
364 1305 416 1345 sit,
443 1314 475 1337 et
500 1305 579 1337 ideo
606 1304 648 1336 sit
675 1305 715 1336 ab
741 1303 780 1336 iis
806 1304 1027 1348 inseparabile
1042 1307 1311 1351 quodammode,

177 1382 214 1400 ac
240 1368 398 1400 naturale.
447 1366 553 1410 Quod
578 1367 693 1410 utique
718 1366 746 1398 si
771 1366 816 1398 ita
841 1366 1061 1411 recipiamus,
1088 1378 1126 1400 ut
1150 1377 1312 1413 putentur

178 1429 283 1462 sancti
307 1429 413 1470 angeli
430 1456 437 1468 ,
464 1439 497 1460 et
520 1438 653 1461 sanctae
678 1437 880 1472 potestates,
912 1438 944 1460 et
967 1430 1084 1462 beatae
1107 1431 1214 1469 sedes,
1238 1430 1310 1472 glo-

179 1492 353 1534 riosaeque
379 1491 533 1530 virtutes,
566 1499 598 1522 et
622 1489 817 1532 magnificae
842 1490 1088 1523 dominationes
1115 1491 1312 1523 substantia-

180 1553 257 1587 liter:
291 1562 472 1596 potestates
509 1553 585 1585 istas
616 1565 653 1584 ac
695 1551 870 1593 dignitates
902 1552 1090 1597 gloriasque
1122 1553 1311 1596 possidere:

181 1626 386 1658 consequens
417 1614 487 1646 sine
519 1613 622 1646 dubio
655 1613 824 1645 videbitur
849 1613 948 1646 etiam
977 1627 1032 1655 ea,
1063 1627 1148 1659 quae
1173 1614 1206 1646 in
1232 1627 1311 1646 con-

179 1675 290 1708 trariis
315 1675 436 1707 officiis
459 1675 630 1708 nominata
655 1684 742 1715 sunt,
767 1676 807 1707 ad
825 1675 913 1708 hunc
929 1667 1069 1709 modum
1087 1675 1227 1718 intelligi
1253 1676 1312 1708 de-

179 1740 279 1779 bere·,
303 1738 349 1770 ita
364 1738 397 1781 ³)
421 1747 459 1769 ut
483 1737 687 1783 principatus
712 1737 773 1778 illi,
787 1738 821 1783 ⁴)
851 1739 1007 1771 adversus
1033 1750 1117 1782 quos
1140 1737 1238 1770 nobis
1263 1747 1312 1770 est

275 1900 307 1942 ¹)
333 1899 464 1931 Desunt
489 1899 520 1931 in
547 1899 640 1932 libris
665 1909 760 1932 antea
787 1900 885 1932 editis
911 1900 956 1944 (v.
984 1912 1011 1934 c.
1037 1899 1115 1934 edd.
1140 1899 1228 1942 M.),
1253 1899 1312 1931 sed

180 1945 344 1976 habentur
368 1944 400 1975 in
427 1944 581 1976 omnibus
603 1945 682 1978 Mss.
709 1946 824 1978 verba:
852 1955 907 1986 „et
923 1945 1002 1978 illos
1019 1945 1100 1977 tales
1126 1963 1169 1969 —
1193 1944 1310 1984 factos,

180 1999 216 2021 ut
245 1999 352 2021 essent
375 1989 500 2021 subditi
525 1999 557 2021 et
581 1990 754 2036 subjecti.“
781 1991 821 2023 R.

271 2046 304 2089 ²)
330 2045 386 2078 Sic
411 2045 489 2077 Mss.
525 2045 614 2078 Alias
647 2047 695 2091 (v.
721 2060 747 2080 c.
772 2047 806 2079 in
832 2047 906 2079 edd.
933 2047 1000 2091 M.)
1033 2058 1093 2086 „an
1128 2058 1166 2078 ex
1191 2045 1310 2077 volun-

180 2100 246 2122 tate
272 2090 342 2121 sola
368 2090 447 2122 haec
479 2090 546 2133 (ed.
573 2091 620 2123 M.
647 2093 671 2124 l.
696 2093 771 2136 hoc)
806 2093 1000 2136 possideant
1029 2091 1198 2123 creatoris.
1247 2090 1309 2122 Vel

181 2154 221 2159 ——
247 2135 509 2174 dominationes,
540 2135 600 2168 hae
631 2136 658 2169 si
683 2139 776 2182 quod
801 2138 1028 2176 dominantur,
1053 2149 1121 2168 non
1145 2149 1206 2180 per
1231 2134 1308 2168 sacti

181 2181 230 2213 sui
256 2181 410 2214 meritum
439 2199 478 2204 —
504 2181 672 2214 additum:
696 2184 754 2215 sed
781 2184 821 2216 de
847 2182 1070 2216 conditionis“
1098 2191 1160 2214 etc.
1187 2181 1227 2215 R.

272 2236 306 2279 3)
330 2236 435 2268 Deest
461 2236 546 2277 „ita“
574 2237 605 2269 in
633 2239 709 2272 edd.
738 2239 782 2271 M.

228 2312 235 2318 .
274 2292 306 2335 ⁴)
336 2292 392 2324 Ed.
422 2292 467 2325 M.
494 2293 534 2324 ll.
564 2293 691 2333 „ill‹‚s,“
