1404 2463
363 106 407 129 m:
430 95 622 129 ancu’ns
646 95 758 128 Lmen
786 94 823 127 ll.
1097 94 1162 129 205

49 187 152 219 festos
182 194 306 218 vestros
338 185 410 217 odit
441 184 547 217 anima
579 187 682 216 mea.“
732 184 774 216 Et
798 184 830 216 in
854 184 938 216 XXI
963 183 1096 216 Psalmo
1122 185 1164 216 de

50 247 193 286 Christo,
212 265 251 270 —
277 256 404 279 cerium
429 255 477 278 est
501 245 599 285 enim,
624 244 701 289 quia
716 246 746 288 ¹)
773 259 809 279 ex
827 257 968 290 persona
985 244 1086 289 ipsius
1102 245 1163 278 iste

49 308 201 341 Psalmus
224 308 433 347 adscribitur,
455 307 540 339 sicut
562 306 779 348 Evangelium
805 315 1007 339 contestatur
1029 325 1090 346 —,
1120 308 1165 340 ita

50 369 177 401 dictum
202 379 267 403 est:
300 370 373 410 „Tu
384 369 417 413 ²)
443 378 570 408 autem,
601 367 768 408 Domine,
798 381 839 400 ne
864 369 962 409 longe
986 367 1085 401 facias
1110 381 1166 400 au-

50 430 166 462 xilium
191 441 304 470 tuum,
326 431 367 462 ad
392 428 620 462 defensionem
644 442 752 461 meam
776 428 920 473 respice:
957 441 1034 461 erue
1058 442 1075 460 a
1099 429 1165 461 fra-

51 504 124 523 mea
148 492 241 524 Deus
271 491 411 524 animam
443 504 570 531 meam,
607 500 639 522 et
668 491 709 523 de
739 503 838 522 manu
870 489 1001 534 canis³)
1035 489 1165 522 unicam

51 557 195 586 menm.“
237 552 397 596 Quamvis
422 562 454 584 et
477 552 581 597 multa
605 551 668 584 alia
691 551 756 584 sint
778 551 968 583 testimonia
993 552 1034 584 de
1058 551 1166 584 anima

52 614 174 647 Christi
197 613 230 646 in
255 626 351 646 carne
373 613 484 658 positi.

142 675 173 709 2.
219 676 287 709 Sed
301 675 333 719 ⁴)
366 676 407 707 de
433 675 554 708 Christi
592 674 727 719 quidem
765 673 873 707 anima
905 687 1038 706 omnem
1070 674 1168 707 nobis

52 737 175 769 adimet
187 737 218 781 ⁵)
244 736 471 781 quaestionem
496 735 581 768 ratio
607 735 841 768 incarnationis
861 749 1048 769 occurrens.
1073 735 1169 769 Sicut

52 798 141 830 enim
165 810 241 830 vere
266 811 396 831 carnem
422 797 548 837 habuit,
570 797 615 830 ita
639 809 715 829 vere
740 806 773 829 et
795 797 938 830 animam
963 797 1086 830 habuit.
1113 796 1166 829 De

54 872 94 891 eo
119 872 210 899 vero,
234 859 326 904 quod
349 859 416 892 Dei
440 859 547 892 anima
570 859 604 891 in
627 858 808 903 scripturis
831 859 1032 899 nominatur,
1065 858 1170 903 quali-

53 930 106 953 ter
135 920 275 962 intelligi
307 921 447 964 debeat,
485 930 517 953 et
547 919 668 952 sentire
700 929 732 952 et
761 920 912 964 proferre
943 920 1080 952 difficile
1105 930 1171 961 θεῖς

53 982 156 1014 semel
187 981 274 1014 enim
305 982 492 1026 simplicem
524 981 617 1013 illam
650 990 818 1021 naturam,
857 990 890 1013 et
920 983 1043 1026 absque
1067 983 1170 1015 ullius

53 1042 248 1089 adjectionis
272 1042 494 1086 permixtione
517 1042 731 1086 profitemur:
767 1052 877 1075 tamen
903 1056 1040 1087 quoquo
1065 1044 1169 1075 modo

55 1103 264 1137 sentiendum
290 1113 355 1143 est,
377 1103 543 1136 nominari
567 1103 699 1135 interim
725 1104 791 1136 Dei
815 1104 923 1137 anima
946 1104 1092 1137 videtur:
1129 1105 1171 1137 de

59 1165 191 1198 Christo
224 1177 304 1197 vero
335 1178 404 1197 non
434 1165 613 1197 dubitatur.
660 1165 703 1197 Et
738 1164 814 1198 ideo
839 1166 952 1209 non⁶)
976 1165 1056 1197 mihi
1081 1165 1172 1197 vide-

57 1236 113 1259 tur
141 1227 320 1259 absurdum
352 1226 450 1258 etiam
485 1227 525 1258 de
559 1226 676 1258 sanctis
709 1227 830 1268 angelis
856 1228 1038 1271 ceterisque
1062 1227 1172 1258 coele-

56 1288 160 1321 stibus
190 1287 367 1320 virtutibus
397 1288 463 1320 tale
493 1286 619 1331 aliquid
651 1288 702 1319 vel
728 1288 855 1327 dicere,
887 1289 936 1320 vel
963 1287 1100 1328 sentire3
1130 1288 1173 1319 si-

59 1349 194 1394 quidem
219 1348 370 1382 definitio
383 1348 416 1393 ⁷)
440 1348 496 1381 illa
521 1349 649 1381 animae
674 1349 772 1381 etiam
797 1349 830 1381 iu
855 1349 945 1393 ipsos
969 1349 1102 1382 videtur
1124 1349 1174 1381 in-

58 1424 202 1445 currere.
248 1410 333 1453 Quis
356 1410 443 1442 enim
467 1409 710 1443 rationabiliter
733 1410 902 1443 sensibiles
927 1424 984 1443 eos
1008 1424 1095 1451 esse,
1121 1411 1173 1442 vel

57 1473 200 1505 mobiles
223 1471 349 1516 poterit
372 1470 556 1513 denegare?
581 1471 684 1514 Quod
708 1471 734 1504 si
759 1481 849 1504 recta
872 1472 932 1505 ista
958 1472 1089 1504 videtur
1105 1485 1174 1504 esse

59 1533 228 1573 definitio,
260 1534 351 1578 quod
381 1532 560 1566 substantia
592 1533 835 1566 rationabiliter
857 1533 1022 1566 sensibilis
1047 1543 1080 1565 et
1103 1546 1176 1565 mo-

59 1595 136 1628 bilis
160 1596 266 1628 anima
292 1595 430 1635 dicatur,
455 1593 586 1627 videtur
608 1595 688 1628 haec
713 1596 828 1628 eadem
842 1595 875 1640 ⁵)
901 1594 1050 1627 definitio
1076 1595 1174 1627 etiam

155 1695 186 1738 ¹)
208 1695 273 1728 Ed.
298 1695 346 1729 M.
370 1695 410 1728 ll.
438 1695 582 1739 „quod.«

153 1750 186 1794 ²)
210 1750 332 1783 Psalm.
356 1750 474 1790 XXll,
500 1749 551 1784 19.
576 1749 629 1784 20.
654 1750 782 1794 (ΧΧΙ.)

155 1805 189 1848 ³)
213 1805 275 1837 Ed.
299 1806 347 1838 M.
373 1806 399 1838 1.
423 1806 526 1838 maie:
553 1805 711 1846 „earnm
1032 1793 1056 1821 ⁶

156 1861 190 1904 ⁴)
213 1862 299 1895 Edd.
325 1861 371 1893 M.
399 1862 486 1902 „Sed
513 1870 544 1893 et
569 1862 630 1894 de“
658 1871 719 1894 etc.

157 1916 189 1959 ⁵)
214 1916 299 1950 Edd.
326 1918 372 1950 M.
396 1917 578 1963 „adjuvet.“
604 1937 646 1942 ——
670 1917 723 1949 De
746 1928 838 1960 seqq.
860 1916 920 1948 cfr.
944 1915 1175 1958 Origenianor.

65 1960 123 1993 lib.
148 1961 190 1994 ll.
218 1971 341 2005 quaest.
365 1963 405 1995 V.
427 1976 517 1996 num.
542 1963 572 1997 6.

159 2016 191 2060 ⁶)
217 2017 274 2049 Sic
299 2017 377 2050 Mss.
403 2017 494 2050 Alias
518 2019 564 2062 (v.
590 2031 616 2053 c.
641 2018 675 2050 in
705 2018 758 2049 ed.
782 2017 829 2050 M.
854 2016 912 2060 ll.)
940 2030 1026 2057 „non
1053 2017 1179 2048 videbi-

66 2070 121 2093 tur
144 2062 355 2094 absurdum.“
382 2063 421 2094 R.
439 2082 478 2087 —
503 2063 567 2095 Ed.
586 2062 633 2096 M.
652 2063 677 2098 l.
703 2075 790 2103 „non
816 2061 947 2094 videtur
969 2063 1177 2094 absurdum.«

67 2105 137 2139 Cfr.
163 2107 212 2139 ed.
238 2107 364 2151 Redep.
389 2119 461 2151 pag.
485 2107 559 2141 208.
583 2117 651 2140 not.
679 2107 728 2141 12.

162 2163 195 2206 ⁷)
219 2162 280 2195 Ed.
306 2163 353 2195 M.
380 2164 403 2198 l,
430 2163 494 2195 hoc
519 2163 597 2195 loco
623 2171 654 2194 et
678 2175 767 2207 seqq.
795 2162 1004 2203 „diffiniti0.“

157 2218 192 2261 8)
216 2219 319 2250 Deest
343 2218 377 2250 in
402 2225 495 2251 antea
523 2217 619 2251 editis
644 2219 688 2262 (v.
715 2231 741 2251 c.
767 2218 842 2252 edd.
862 2219 938 2262 M),
961 2218 1017 2250 sed
1042 2217 1180 2250 habetur

67 2263 98 2295 in
124 2264 202 2299 Mss.
230 2264 400 2305 „eadem.“
419 2263 459 2295 R.
