1404 2463
164 104 232 139 250
634 107 811 141 Omenms

164 210 234 229 ram
273 196 460 241 passeribus
498 197 688 232 intellectis,
747 199 842 230 Nune
883 197 970 230 enim
1009 199 1118 230 adhuc
1153 199 1286 231 interim

165 258 354 303 quaeritur,
387 268 468 291 tunc
498 268 609 291 autem
643 260 691 292 ibi
720 259 787 305 jam
810 260 986 292 manifeste
1012 260 1190 294 videbitur.
1236 261 1285 293 Ex

164 319 286 365 quibus
309 320 466 353 omnibus
488 322 673 366 putandum
699 331 764 362 est,
803 322 895 366 quod
919 321 1051 354 interim
1075 335 1142 354 non
1167 335 1286 366 pamm

162 382 324 427 temporis
357 392 520 424 transeat,
557 397 734 428 usquequo
765 397 882 417 eorum
915 385 1172 423 tantummodo,
1202 397 1286 428 quae

161 457 264 489 super
292 454 414 477 terram
447 455 539 485 sunt,
575 446 660 478 ratio
690 456 769 491 post
799 446 884 478 vitae
909 447 1095 478 abscessum
1121 445 1228 487 dignis
1253 455 1287 478 et

161 508 246 539 bene
277 506 404 539 meritis
429 507 644 547 ostendatur,
679 518 716 540 ut
740 521 801 553 per
826 521 943 540 eorum
969 507 1120 540 omnium
1144 506 1281 549 agnitio-

160 582 249 609 nem,
273 578 307 602 et
328 570 449 614 plenae
471 569 628 603 scientiae
651 570 800 611 gratiam,
824 563 1189 602 laetitia⁹inenarrabili
1208 582 1286 613 per-

160 632 322 664 fruantur.
369 632 457 664 Tum
474 632 502 676 ¹)
528 631 648 664 deinde
672 632 700 664 si
723 637 782 665 aer
803 631 876 671 iste,
902 631 959 676 qui
983 631 1070 664 inter
1094 631 1226 664 coelum
1252 640 1286 664 et

160 702 282 725 terram
309 702 375 732 est,
404 706 473 725 non
499 703 548 726 est
571 707 695 726 vacuus
719 694 759 725 ab
784 693 1024 734 animantibus,
1056 702 1089 725 et
1111 693 1286 725 animanti-

160 755 220 787 bus
244 755 509 794 rationabilibus,
533 755 618 787 sicut
643 765 676 787 et
700 755 874 799 apostolus
898 755 998 788 dixit:
1032 755 1091 796 „ln
1103 756 1136 799 ²)
1162 755 1284 800 quibus

159 816 338 861 aliquando
375 817 568 850 ambulastis
600 818 782 849 secundum
819 818 989 849 saeculum
1023 817 1140 849 mundi
1171 817 1282 862 hujus,

157 879 387 922 secundum3)
410 878 598 923 principem
623 879 797 923 potestatis
821 880 905 912 aeris
923 878 1030 924 hujus,
1052 879 1198 923 spiritus,
1224 880 1281 924 qui

157 954 245 973 nunc
270 949 429 984 operatur
451 939 484 972 in
508 940 588 973 filiis
613 940 851 973 dfffidcndaef‘
891 941 936 972 Et
959 940 1082 973 iterum
1107 940 1168 974 ait:
1195 940 1281 982 „Ra-

156 1002 290 1047 piemur
302 1001 334 1046 ⁴)
360 1002 394 1034 in
418 1002 564 1035 nubibus
589 1002 722 1034 obviam
743 1002 875 1035 Christo
899 1002 934 1034 in
958 1007 1045 1042 aera,
1070 1011 1103 1035 et
1126 1002 1171 1034 ita
1195 1015 1281 1035 sena—

157 1078 218 1109 per
242 1078 318 1097 cum
342 1065 493 1097 Domino
521 1064 677 1096 erimus.“

245 1126 275 1161 6.
315 1127 506 1159 Putandum
532 1135 582 1158 est
606 1126 716 1168 igitur,
743 1126 835 1170 quod
860 1125 988 1158 tamdiu
1011 1125 1116 1159 sancti
1139 1125 1187 1158 ibi
1203 1139 1280 1170 per—

155 1198 329 1228 maneant,
352 1178 528 1233 us⁰quequo
552 1187 725 1232 utriusque
750 1188 845 1220 modi
869 1187 1033 1220 rationem
1059 1188 1279 1233 dispensatio-

154 1252 204 1285 nis
230 1264 359 1292 eorum,
384 1264 469 1295 quae
496 1250 529 1283 in
554 1256 629 1284 aere
654 1259 823 1292 geruntur,
855 1259 1045 1292 agnoscant.
1095 1250 1199 1294 Quod
1223 1263 1280 1283 au-

155 1324 222 1346 tem
248 1313 333 1345 dixi:
362 1312 535 1356 utriusque
560 1312 673 1351 modi,
696 1312 762 1344 hoc
787 1322 851 1345 est:
882 1313 975 1345 verbi
1000 1312 1120 1355 gratia,
1145 1326 1219 1345 cnm
1244 1313 1278 1345 in

154 1376 250 1408 terris
275 1388 438 1413 essemus,
463 1373 607 1406 vidimus
633 1374 684 1406 vel
709 1375 879 1414 animalia,
904 1375 957 1407 vel
980 1376 1135 1414 arbores,
1159 1384 1191 1407 et
1215 1375 1280 1407 dif-

155 1438 310 1470 ferentias
342 1449 458 1469 eorum
481 1436 733 1480 prospeximus,
771 1437 829 1468 sed
855 1445 888 1468 et
911 1436 1139 1469 diversitatem
1164 1450 1279 1481 quam-

155 1499 334 1544 plurimam
360 1499 447 1531 inter
470 1498 639 1539 liomines;
669 1510 783 1529 verum
810 1497 958 1530 videntes
983 1499 1081 1537 haec,
1111 1498 1276 1530 rationem

155 1574 272 1594 corum
303 1573 371 1593 non
402 1554 642 1599 intellexiihus,
679 1561 737 1592 sed
768 1561 831 1591 lioc
856 1559 952 1592 nobis
981 1569 1108 1592 tantum
1134 1573 1170 1591 ex
1196 1560 1276 1604 ipsa,

155 1637 254 1668 quam
286 1622 446 1662 vidimus,
480 1622 670 1654 diversitate
695 1631 882 1664 suggestum
909 1632 973 1663 est,
1010 1630 1047 1654 ut
1070 1621 1276 1666 inquiramus

154 1695 187 1717 et
210 1694 475 1729 perscrutemur,
507 1697 570 1729 qua
599 1683 728 1716 ratione
753 1684 812 1716 ista
838 1685 948 1716 omnia
974 1684 1027 1716 vel
1052 1684 1181 1716 diversa
1204 1685 1276 1716 fue-

152 1747 217 1779 rint
241 1756 367 1787 creata‚
392 1746 445 1779 vel
470 1746 556 1778 varie
586 1746 837 1790 dispensentur3
872 1755 904 1778 et
930 1755 1095 1790 concepto
1119 1747 1153 1778 in
1177 1746 1275 1778 terris

153 1809 385 1855 hujuscemodi
405 1808 627 1852 agnitionis⁵)
652 1808 704 1840 vel
734 1807 863 1846 studio,
899 1808 951 1839 vel
978 1821 1110 1847 amore,
1142 1808 1276 1840 dabitur

153 1902 248 1942 Iunc)
279 1909 390 1932 autem
424 1899 470 1931 ibi
506 1899 569 1942 jam
609 1898 822 1930 manifestum
853 1897 1051 1931 videbitur.¹‹
1100 1898 1169 1931 Sed
1194 1898 1273 1931 Mss.

152 1956 188 1978 ut
212 1947 243 1978 iu
269 1955 385 1978 nostro
410 1954 511 1977 textu.
538 1945 578 1977 Ρι.

245 2004 277 2046 ¹)
302 2002 388 2035 Edd.
414 2002 472 2039 M„
496 2001 609 2045 itemq.
637 2001 688 2032 ed.
714 2001 841 2044 Redep.
868 1999 1017 2041 „Tunc.“

243 2062 277 2102 2)
302 2059 424 2103 Eplies.
451 2058 492 2095 Il,
516 2056 547 2090 2.

241 2116 274 2157 3)
301 2114 431 2147 Omissa
455 2123 529 2145 sunt
556 2112 587 2144 in
613 2122 707 2144 antea
733 2111 830 2145 editis
854 2113 900 2155 (v.
927 2125 953 2143 c.
979 2111 1055 2143 edd.
1081 2111 1157 2152 Μ.),
1193 2110 1272 2141 licet

151 2162 331 2193 habeantur
354 2160 386 2191 in
411 2158 564 2190 omnibus
591 2159 668 2190 Mss.
694 2159 806 2190 verba:
847 2158 1053 2197 „secundum
1085 2154 1270 2199 principem

150 2206 323 2251 potestatis
348 2204 430 2236 aeris
456 2203 582 2248 lmjusf‘
612 2204 650 2236 R.
767 2203 800 2246 ⁴)
829 2203 837 2233 l
865 2203 978 2235 Thess.
1004 2202 1059 2240 lV,
1085 2201 1134 2235 17.

243 2263 274 2304 ⁵)
302 2261 405 2293 Deest
435 2261 467 2292 in
499 2259 668 2304 prioribus
693 2260 767 2292 edd.
796 2261 840 2303 (v.
867 2273 894 2292 c.
922 2259 997 2291 edd.
1025 2258 1097 2300 M.)‚
1131 2257 1188 2288 sed
1215 2257 1268 2288 ha-

151 2310 250 2349 betur
269 2307 302 2339 in
331 2307 407 2339 Mss,
436 2305 661 2348 „agnitionisf‘
691 2305 726 2336 l'u.
