1404 2463
165 109 230 145 42⁴3
659 111 835 145 OR1GEN15

165 203 294 235 formae
327 214 364 233 ac
395 201 518 242 figurae
551 200 738 232 credendae
762 209 840 233 sunt
864 201 1038 233 latentium
1064 215 1299 248 sacrarumque

165 263 302 297 rerum?
340 264 464 295 Verum
499 276 560 306 pro
587 275 646 302 e0,
678 263 770 307 quod
802 276 920 306 parum
946 263 1049 295 studii
1074 264 1116 296 ad
1143 276 1299 298 exercen-

165 328 245 359 dum
270 325 438 367 ingenium
465 323 617 356 homines
640 324 816 363 adhibent,
849 325 900 356 vel
927 325 1019 368 quod
1045 334 1223 370 antequam
1248 326 1299 360 di-

163 397 272 428 scant,
308 387 392 420 scire
423 400 458 419 se
488 395 625 430 putant,
660 386 738 418 inde
771 386 808 418 fit
839 395 875 418 ut
907 399 1077 430 nunquam
1106 387 1192 420 scire
1214 388 1298 420 inci-

163 451 274 496 piant3
298 458 356 482 aut
378 448 405 481 si
431 457 520 480 certe
544 460 608 480 nec
630 447 778 480 studium
804 447 961 489 desuerit,
992 460 1052 480 nec
1076 449 1244 492 magister,
1267 449 1296 483 si

163 523 321 556 tanquam
347 510 458 543 divina
484 519 700 554 quaeramur,
733 509 830 553 (167)
857 509 891 541 id
918 518 967 542 cst
990 510 1146 552 religiose
1172 521 1206 543 ct
1228 511 1298 556 pie‚'

163 584 262 619 atque
278 574 311 618 ¹)
328 573 404 605 Deo
430 572 601 604 revelante
626 571 659 604 in
686 570 944 616 quamplurimis
969 582 1146 616 sperentur
1163 573 1298 617 aperiri,

163 657 201 662 -—
230 635 392 680 quoniam
423 633 559 678 quidem
593 633 746 666 humanis
777 633 927 665 sensibus
954 634 1050 666 valde
1076 643 1109 665 et
1133 634 1298 675 difficilia,

163 708 196 731 et
210 698 242 741 ²)
270 697 403 729 occulta
427 705 504 728 suut
528 710 586 728 -:
611 705 690 727 tunc
716 695 852 727 demum
878 696 1026 728 fortassis
1053 696 1112 740 qui
1136 696 1182 729 ita
1198 709 1299 741 quae-

163 760 266 799 sierit,
291 771 375 803 quae
400 757 548 790 invenire
574 758 620 788 sas
647 766 697 788 est
720 755 878 790 inveniet.

255 820 307 854 10.
345 819 413 852 Sed
441 832 480 851 ne
506 818 656 850 fortassis
681 820 916 851 tantummodo
943 819 975 852 in
993 819 1199 864 propheticis
1217 820 1298 852 haec

163 881 342 915 difficultas
367 890 505 925 putetur
528 880 633 924 inesse
657 879 890 922 sermonibus,
925 881 1204 926 quandoquidem
1228 894 1299 914 cer-

165 944 282 986 tum3)
314 951 362 975 est
395 942 486 987 apud
523 954 640 974 omncs
678 942 802 986 stylum
841 942 1080 986 propheticum
1118 943 1231 984 figuris
1266 952 1300 976 et

164 1004 404 1047 aenigmatibus
437 1002 603 1035 consitum
639 1015 728 1035 esse:
765 1002 845 1047 quid
871 1017 945 1036 cum
973 1005 1014 1036 ad
1039 1004 1219 1046 Evangelia
1245 1018 1299 1038 ve-

162 1066 295 1101 nimus?
320 1064 494 1109 Numquid
519 1078 587 1097 non
600 1065 632 1109 ⁴)
659 1065 705 1098 ibi
731 1065 830 1097 etiam
856 1054 970 1099 sensus
995 1066 1155 1109 interior,
1179 1076 1299 1111 utpote

163 1142 278 1163 sensus
303 1127 452 1165 divinus,
485 1126 582 1166 latet,
614 1127 671 1171 qui
696 1141 757 1171 per
780 1128 874 1160 illam
901 1130 1137 1161 tantummodo
1161 1129 1299 1171 gratiam

164 1191 350 1227 revelatur,
381 1201 480 1233 quam
504 1198 679 1233 acceperat
702 1189 778 1228 ille,
804 1188 861 1234 qui
886 1188 1036 1222 dicebat:
1075 1191 1166 1232 „Nos
1182 1193 1217 1235 ⁵)
1241 1204 1299 1223 au—

165 1264 234 1287 tem
260 1264 392 1285 sensum
412 1250 535 1284 Christi
561 1250 733 1293 habemus,
756 1260 796 1283 ut
819 1251 961 1284 sciamus
986 1265 1070 1296 quae
1094 1265 1111 1284 a
1135 1252 1213 1285 Deo
1239 1253 1300 1285 do—

163 1326 240 1349 nata
263 1323 342 1347 sunt
364 1312 479 1351 nobis,
513 1325 597 1356 quae
624 1321 656 1344 ct
685 1312 875 1357 loquimur,
906 1315 1020 1358 nonfi)
1046 1314 1080 1347 in
1107 1314 1216 1347 doctis
1241 1315 1300 1347 lm-

165 1390 281 1410 manae
312 1374 494 1419 sapientiae
528 1374 655 1415 verbis,
687 1375 803 1407 sedin
829 1376 982 1409 doctrina
1006 1376 1188 1421 spiritus‘4?
1221 1377 1297 1411 Jam

164 1453 243 1472 vero
269 1438 348 1477 illa,
379 1449 464 1481 quac
487 1435 610 1468 Joanni
634 1435 779 1469 revelata
802 1446 897 1477 sunt,
926 1438 953 1470 si
978 1438 1051 1482 quis
1078 1439 1180 1480 legat,
1212 1451 1297 1483 quo-

165 1502 269 1534 modo
295 1512 364 1532 non
389 1499 606 1542 obstupescet
629 1506 753 1530 tantam
779 1498 873 1542 ibi7)
901 1499 1006 1531 inesse
1033 1499 1297 1532 occultationem

164 1561 388 1597 ineffabilium
414 1559 723 1592 sacramentorum?
746 1560 780 1591 in
804 1560 925 1604 quibus
949 1560 1126 1593 manifeste
1143 1562 1184 1593 ab
1209 1561 1296 1603 iis⁸)

165 1626 284 1666 etiam,
309 1623 368 1668 qui
391 1621 579 1664 intelligere
604 1634 672 1653 non
698 1631 838 1665 possunt
863 1622 943 1666 quid
969 1621 1002 1653 in
1027 1622 1077 1654 his
1102 1623 1220 1662 lateat,
1251 1622 1299 1655 in-

262 1789 292 1832 ¹)
317 1787 374 1821 Sic
400 1787 477 1819 Mss.
505 1783 596 1816 Editi
621 1784 666 1827 (v.
693 1798 720 1816 c.
745 1785 824 1818 edd.
852 1784 918 1828 M.)
948 1794 1003 1826 „et
1027 1799 1111 1830 quae
1136 1786 1213 1819 Deo
1245 1800 1297 1820 re-

168 1836 299 1867 velante
324 1846 342 1865 a
367 1829 645 1877 quampluriniis“
672 1839 733 1862 etc.
760 1830 800 1864 R.

256 1891 289 1934 2)
315 1889 374 1923 Sic
398 1887 480 1921 Mss.
504 1886 597 1919 Editi
629 1886 675 1930 (V.
702 1899 728 1918 c.
757 1886 833 1918 edd.
858 1887 925 1929 M.)
958 1896 1014 1928 „et
1046 1888 1186 1919 obscura
1211 1897 1298 1928 suut,

166 1939 297 1970 tamen“
324 1944 387 1967 etc.
412 1933 452 1965 R.

256 1992 289 2035 ³)
316 1990 373 2024 Sic
398 1989 479 2022 Mss.
504 1987 595 2020 Editi
622 1988 668 2032 (v.
695 2002 721 2020 c.
748 1987 824 2019 edd.
851 1987 917 2031 M.)
944 1997 1093 2027 „certum
1121 1998 1180 2028 est,
1205 1990 1298 2033 quod

166 2050 283 2070 omnes
313 2043 453 2067 cernunt
476 2035 598 2078 stylum
623 2032 861 2078 propheticum
887 2053 928 2057 —
951 2033 1192 2075 aenigmatibus
1215 2047 1297 2066 con-

165 2084 310 2116 sectum:
337 2079 416 2124 quid
444 2083 541 2110 ειιῐιιιι
569 2089 630 2110 etc.
660 2079 699 2110 15.

256 2138 289 2180 4)
315 2135 371 2169 Sic
396 2136 476 2168 Mss.
506 2136 540 2166 ln
567 2134 664 2166 editis
689 2136 736 2178 (v.
763 2148 790 2166 c.
811 2134 885 2165 edd.
903 2133 968 2174 Μ.)
988 2134 1096 2166 deest:
1123 2133 1296 2175 „n0n.“R.

257 2194 290 2236 5)
317 2192 385 2224 Cfr.
415 2192 423 2221 l
451 2190 529 2222 Cor.
557 2191 596 2228 ll,
623 2189 674 2224 16.
701 2189 780 2223 coll.
808 2189 859 2223 12.
886 2200 919 2221 et
945 2189 996 2223 13.

258 2249 292 2292 ὅ)
317 2248 380 2280 Ed.
407 2245 456 2278 Μ.
480 2247 505 2278 l.
533 2258 622 2287 „non
647 2246 821 2278 doctrinae
846 2246 1032 2278 human-aff
1059 2255 1120 2278 etc.

260 2306 293 2349 ⁷)
318 2304 424 2337 Deest
449 2301 539 2343 „ibi“
565 2301 600 2334 in
625 2302 699 2336 edd.
727 2302 775 2335 M.
856 2301 889 2346 ὃ)
914 2301 1002 2335 Edd.
1028 2302 1074 2334 M.
1103 2300 1205 2342 „hisf‘
