1404 2463
215 87 281 122 316
686 91 861 122 Oamssms

217 176 322 219 jacula
353 177 451 221 jactat
482 178 513 209 in
545 191 622 209 nos:
656 179 775 222 quibus
809 179 988 223 aliquando
1014 179 1150 223 quidem
1177 179 1208 210 in
1233 178 1337 210 altum

217 239 437 270 descendente
470 240 604 271 vulnere
634 241 836 280 sauciamur,
873 241 1052 285 aliquando
1084 252 1164 272 vero
1196 249 1338 272 tantum-

216 301 320 332 modo
352 300 605 334 inflammamur.
654 304 742 335 Raro
761 305 788 346 ¹)
821 313 910 336 certe
942 304 1020 347 et2)
1051 302 1165 346 paucis
1203 301 1339 345 quibus-

217 363 292 395 dam
316 363 396 395 haec
421 363 490 409 ejus
513 363 612 405 ignita
638 363 744 409 jacula
768 366 1074 407 1·estinguuntur‚³)
1097 364 1141 396 ita
1166 372 1204 395 ut
1227 363 1338 394 locum

217 425 362 457 vulneris
386 438 454 457 non
478 425 664 464 inveniant,
700 426 734 458 id
759 436 824 466 est,
863 440 936 458 cum
963 425 1036 470 quis
1059 424 1282 458 munitissimo
1309 432 1341 455 et

217 487 422 520 validissimo
458 496 553 519 scuto
590 487 669 519 fidei
699 488 802 519 fuerit
834 489 996 520 obtectus.
1044 487 1148 530 Quod
1179 499 1258 519 vero
1283 484 1342 517 'di-

218 559 308 582 ctum
341 559 390 582 est
419 550 451 581 in
486 549 629 594 epistola
653 550 692 582 ad
718 550 900 594 Ephesios:
934 549 1043 593 „Quia
1059 549 1092 593 ⁴)
1115 562 1184 581 non
1209 557 1258 581 est
1281 536 1342 579 iio—

217 611 267 642 bis
293 610 488 642 colluctatio
513 612 667 643 adversus
693 624 825 643 carnem
852 621 884 643 et
908 610 1118 652 sanguinem,
1142 611 1200 642 sed
1224 610 1342 641 adver·

217 686 272 705 sus
300 672 525 716 principatus,
557 683 589 704 et
619 682 819 716 potestates,
851 673 1006 705 adversus
1031 672 1147 704 mundi
1172 671 1267 716 hujus
1292 683 1344 703 re-

220 745 328 767 ctores
362 735 574 766 tenebrarum
611 735 745 772 harum,
781 735 936 766 adversus
966 733 1151 778 spiritualia
1176 732 1344 777 nequitiae

219 797 251 829 in
277 796 524 830 coelestibus:“
549 796 594 828 ita
613 796 784 840 oportebit
804 796 954 837 intelligi,
980 797 1072 839 quod
1089 795 1235 838 dixit:⁵)
1261 806 1344 835 „no-

220 858 313 890 bis2«
341 858 374 890 id
401 867 449 890 est
473 857 555 890 mihi
579 858 698 896 Paulo,
723 867 755 889 et
780 857 872 889 vobis
897 857 1060 901 Ephesiis,
1086 867 1118 889 et
1143 856 1343 901 quibuscun-

220 934 283 965 que
308 933 376 952 non
401 929 448 952 est
473 911 668 952 colluctatio
694 932 770 951 cum
803 932 900 951 carne
924 929 957 952 et
979 918 1145 961 sanguine.
1192 916 1254 950 His
1278 926 1346 948 ete-

219 982 288 1014 nim
321 991 488 1014 certamen
519 991 568 1014 est
591 983 747 1014 adversus
772 981 977 1025 principatus
1002 990 1035 1013 et
1058 988 1257 1025 potestates,
1289 979 1346 1010 ad-

221 1057 331 1076 versus
362 1043 480 1076 mundi
511 1043 607 1088 hujus
638 1052 785 1075 rectores
816 1044 1044 1082 tenebrarum,
1075 1055 1143 1074 non
1166 1041 1253 1074 sicut
1277 1050 1347 1073 erat

223 1105 420 1144 Corinthiis,
463 1105 583 1150 quibus
620 1115 785 1138 certamen
819 1104 926 1137 adhuc
956 1104 1112 1136 adversus
1144 1116 1276 1139 carnem
1314 1113 1347 1135 et

222 1168 413 1211 sanguinem
451 1177 535 1207 erat,
575 1180 660 1212 quos
697 1167 838 1200 tentatio
878 1179 946 1198 non
981 1166 1251 1211 apprehenderat
1283 1164 1346 1198 uisi

224 1231 376 1263 humana.

309 1293 340 1327 5.
388 1293 457 1325 Nec
488 1301 599 1323 tamen
632 1292 817 1335 putandum
853 1300 919 1330 est,
957 1291 1047 1334 quod
1079 1289 1200 1332 singuli
1222 1289 1344 1333 quique

223 1356 378 1387 adversus
404 1352 516 1385 omnia
538 1353 618 1385 haec
643 1353 823 1386 decertent.
865 1352 1077 1396 Impossibile
1101 1351 1191 1384 enim
1217 1351 1252 1383 id
1276 1363 1346 1382 esse

223 1417 368 1449 arbitror
390 1414 454 1447 ulli
477 1414 670 1454 hominum,
699 1414 847 1458 quamvis
870 1414 928 1446 ille
954 1413 996 1446 sit
1018 1412 1205 1456 sanctus,⁶)
1230 1421 1268 1443 ut
1289 1411 1347 1443 ad-

224 1492 333 1511 versus
367 1476 478 1510 omnia
511 1476 590 1508 haec
613 1475 712 1508 simul
737 1475 843 1520 possit
869 1476 992 1507 habere
1016 1483 1193 1506 certamen.
1241 1472 1345 1515 Quod

224 1541 250 1573 si
274 1540 348 1573 ullo
373 1539 476 1571 modo
500 1537 535 1569 id
559 1537 696 1576 accidat,
721 1538 811 1581 quod
837 1546 925 1569 certe
952 1536 1022 1568 fieri
1047 1548 1115 1567 non
1140 1543 1262 1579 potest,
1286 1534 1346 1566 im-

224 1602 384 1648 possibile
416 1609 464 1633 est
501 1609 537 1632 ut
574 1598 610 1631 id
641 1612 776 1643 prorsus
807 1598 895 1630 serre
926 1597 1033 1642 possit
1060 1597 1202 1629 humana
1231 1606 1347 1630 natura

225 1665 295 1697 sine
331 1662 473 1695 maxima
505 1660 721 1694 subversione
752 1660 812 1692 sui.
865 1660 935 1692 Sed
964 1659 1066 1701 sicut,
1104 1658 1196 1692 verbi
1232 1659 1346 1700 gratia,

227 1724 461 1772 quinquaginta
485 1723 588 1768 aliqui
611 1723 744 1763 milites,
769 1721 795 1754 si
819 1721 934 1754 dicant
955 1720 1018 1753 sibi
1042 1720 1219 1754 imminere
1243 1730 1346 1753 cerun-

322 1878 353 1920 ¹)
377 1876 439 1908 Ed.
465 1875 512 1908 M.
538 1875 565 1906 I.
592 1873 701 1915 „Raro
728 1881 760 1904 et
784 1875 905 1904 certe.“

321 1933 355 1971 ²)
380 1932 468 1965 Edd.
492 1930 539 1962 M.
567 1939 620 1970 „et
644 1942 661 1961 a
685 1927 831 1972 pauci5.“

320 1991 353 2033 3)
378 1989 443 2021 Ed.
469 1988 516 2020 M.
542 1986 563 2017 Ι.
592 1984 887 2026 „restringuntur.“
962 1985 995 2026 ὃ)
1021 1984 1143 2027 Ephes.
1169 1982 1226 2021 Vl,
1252 1981 1301 2016 12.

323 2046 357 2085 ⁵)
380 2043 474 2076 Libri
498 2041 578 2074 editi
604 2043 649 2085 (v.
675 2054 701 2073 e.
728 2041 802 2073 edd.
827 2040 893 2083 M.)
920 2039 1041 2080 „dixit‚
1071 2037 1153 2070 mihi
1176 2037 1284 2070 Paulo
1316 2047 1347 2069 et

231 2089 398 2135 Ephesiis:
423 2087 541 2132 quibus
567 2097 731 2119 certamen
755 2086 861 2118 adhuc
885 2086 1041 2117 adversus
1067 2096 1197 2115 carnem
1222 2092 1255 2115 et
1277 2095 1348 2114 san-

232 2136 362 2177 guinem
388 2142 466 2171 erat,
492 2145 576 2176 quos
601 2132 668 2175 (ed.
695 2131 742 2163 Μ.
768 2131 808 2163 ll.
834 2137 864 2164 et
890 2143 970 2174 pro:
994 2130 1090 2173 quos)
1115 2127 1254 2160 tentatio
1279 2140 1346 2159 non

233 2179 495 2225 apprehenderat
526 2177 584 2208 nisi
618 2177 789 2208 liumana.“
836 2175 960 2219 Sicque
991 2175 1096 2206 inulta
1120 2173 1238 2205 omissa
1262 2181 1349 2210 sunt,

235 2239 315 2271 quae
341 2224 517 2257 restituunt
541 2223 649 2254 Codd.
675 2222 752 2254 Mss.
778 2221 818 2254 R.

326 2281 359 2321 6)
386 2280 420 2312 ln
445 2279 529 2312 Cod.
556 2276 751 2321 corbejensi
774 2276 859 2308 male
883 2276 1037 2308 habetur:
1065 2273 1251 2317 „spiritus.“
1283 2274 1318 2305 fi.

1391 0 1404 132 ἓ

1398 1844 1404 2153 Ι

1398 2238 1402 2381 i

1397 2387 1404 2463 ι
