1404 2463
396 74 442 96 nr,
465 64 658 97 Pamcn’us
681 61 793 95 Lmen
817 62 860 96 11.
1120 62 1183 98 231

66 154 226 198 aliquo')
261 152 374 186 habitu
406 155 628 192 deformatur,
659 152 866 196 requiremus
897 154 937 186 ab
961 153 1018 195 iis,
1050 153 1077 185 si
1107 166 1186 198 pos-

64 224 140 248 sunt
163 214 260 247 nobis
287 215 468 259 spiritualis
493 213 643 259 corporis
667 213 817 247 habitum
841 215 1068 248 demonstrare
1085 223 1184 259 atque

65 277 270 310 describere:
297 276 388 321 quod
411 276 526 320 utique
550 274 645 307 nullo
670 275 775 307 modo
794 276 903 308 facere
918 283 1087 321 poterunt.
1113 276 1180 308 Sed

67 347 99 370 et
131 337 336 370 differentias
361 350 496 378 eorum,
528 336 584 381 qui
617 345 810 378 resurgunt,
839 337 1044 382 inquiremus
1067 336 1108 368 ab
1132 328 1189 370 iisss

66 399 252 441 Quomodo
287 399 509 443 ostendent2)
542 410 656 431 verum
691 409 761 431 esse
791 398 893 438 illud,
932 398 1024 443 quod
1055 397 1183 429 dictum

67 470 126 500 est,
151 460 227 504 quia
252 459 384 504 ,‚a1ia³)
410 472 485 492 caro
511 460 695 499 volucrum,
719 460 783 493 alia
808 460 967 505 piscium;
991 468 1024 492 et
1040 470 1184 502 corpora

67 521 241 561 coelestia,
280 529 312 553 et
342 533 483 565 corpora
512 521 694 554 terrestria:
731 522 789 554 sed
819 522 882 555 alia
914 521 1049 566 quidem
1075 519 1184 553 coele-

65 583 165 614 stium
189 581 310 624 gloria,
335 580 398 613 alia
426 594 504 613 vero
529 582 753 625 terrestrium3
784 583 847 616 alia
870 583 975 625 gloria
998 581 1096 621 solis,
1120 580 1183 613 alia

68 644 184 683 lunae,
208 643 270 674 alia
297 641 491 684 stellarum3'
508 643 606 675 stella
629 657 647 676 a
671 645 766 678 stella
791 645 906 678 differt
927 644 964 677 in
986 642 1108 685 gloria:
1138 642 1183 674 ita

67 714 99 737 et
122 703 321 737 resurrectio
343 704 603 738 mortuorum?“
630 706 821 739 Secundum
846 706 942 739 istam
966 718 1043 747 ergo
1069 717 1184 737 conse-

65 765 234 810 quentiam
266 766 463 798 coelestium
494 779 675 810 corporum
706 768 882 800 ostendant
904 767 1001 800 nobis
1025 765 1184 799 differen-

63 827 123 859 tias
144 826 270 868 gloriae
282 826 315 871 ¹²)
342 840 469 868 eorum,
494 828 550 872 qui
573 838 755 870 resurgunt,
780 838 813 861 et
835 828 863 862 si
886 829 960 861 ullo
984 840 1104 870 genere
1128 840 1184 859 co-

63 887 132 921 nati
165 888 289 920 suerint
317 889 499 921 secundum
531 890 726 923 coelestium
763 903 945 935 corporum
978 887 1183 921 differentias

64 950 207 994 aliquam
233 949 417 991 excogitare
441 949 615 991 rationem,
640 964 836 996 quaeremus
847 952 880 996 5)
897 952 937 984 ab
955 950 1005 992 iis,
1028 959 1066 983 ut
1083 948 1183 982 etiam

63 1012 246 1044 secundum
270 1020 479 1044 terrenomm
504 1025 686 1056 corporum
717 1012 1001 1057 comparationem
1026 1011 1184 1044 differen-

64 1073 123 1105 tias
154 1072 406 1105 resurrectionis
437 1073 608 1115 assignent.
664 1076 734 1107 Nos
764 1088 844 1107 vero
879 1074 925 1107 ita
956 1072 1185 1114 intelligimus,

65 1135 157 1179 quod
183 1135 298 1166 volens
321 1135 496 1178 apostolus
521 1135 718 1176 describere,
742 1145 863 1180 quanta
887 1144 971 1168 esset
994 1133 1183 1167 differentia

64 1209 191 1235 eorum,
219 1197 274 1240 qui
297 1197 516 1240 resurgentss)
540 1196 573 1228 in
597 1197 714 1238 gloria,
738 1197 771 1229 id
797 1206 845 1230 est
867 1206 1068 1237 sanctorum,
1093 1208 1184 1227 com-

63 1258 271 1302 parationem
297 1257 492 1290 coelestium
519 1271 698 1302 corporum
723 1259 856 1299 sumsit,
887 1258 1016 1292 dicens:
1041 1257 1182 1301 „Alia⁷)

61 1319 167 1361 gloria
190 1318 289 1359 solis,
312 1319 375 1352 alia
399 1319 503 1360 gloria
528 1320 642 1362 lunae,
675 1320 739 1352 alia
762 1320 867 1362 gloria
890 1321 1092 1354 stellarum.“
1139 1318 1183 1350 Et

63 1381 182 1413 iterum
214 1381 330 1413 volens
362 1381 566 1414 differentias
603 1394 718 1414 eorum
749 1382 928 1426 docere‚⁸)
970 1381 1027 1426 qui
1057 1381 1091 1413 in
1122 1381 1183 1413 hae

67 1443 129 1475 vita
154 1456 222 1475 non
247 1442 416 1487 expurgati
440 1443 481 1474 ad
505 1443 783 1476 resurrectionem
808 1443 953 1483 venient,
975 1442 1011 1475 id
1035 1451 1082 1475 est
1105 1455 1183 1486 pec*

66 1514 210 1546 catores,
249 1504 290 1536 de
321 1504 460 1537 terrenis
495 1504 596 1538 sumit
626 1505 833 1549 exemplum,
871 1504 999 1537 dicens:
1040 1504 1135 1537 „Alia
1148 1504 1181 1547 ⁹)

161 1630 189 1671 ¹)
214 1628 431 1660 Desideratur
453 1627 487 1660 in
503 1627 672 1671 prioribus
690 1626 892 1659 editionibus
906 1627 952 1672 (v.
971 1640 998 1660 c.
1016 1627 1092 1660 edd.
1105 1626 1184 1669 M),

67 1674 123 1705 sed
149 1674 289 1705 liabetur
312 1674 345 1705 in
369 1674 450 1706 Mss.
477 1672 641 1716 „aliquof‘
668 1672 709 1704 R.

157 1729 191 1769 2)
217 1729 302 1760 Edd.
327 1729 374 1761 M.
402 1729 664 1769 ‚,ostenderent.«

159 1782 192 1827 ³)
219 1784 287 1816 Csr.
314 1785 325 1815 I
352 1784 427 1816 Cor.
453 1784 526 1823 XV,
551 1783 708 1818 39—42.

159 1839 191 1881 ⁴)
217 1840 321 1871 Deest
350 1839 382 1871 in
407 1839 575 1883 prioribus
607 1839 681 1871 edd.
707 1839 752 1882 (v.
779 1849 806 1870 c.
831 1838 906 1870 edd.
931 1838 1015 1882 M.),
1045 1839 1102 1870 sed
1126 1838 1180 1869 ha-

68 1886 164 1915 hetut
189 1885 220 1915 in
248 1886 325 1917 Mss.
349 1885 526 1925 „gloriae.“
553 1885 592 1916 R.

159 1941 192 1981 ⁵)
217 1940 272 1972 Sic
307 1950 395 1972 recte
435 1952 549 1972 omnes
583 1939 692 1973 Codd.
723 1937 804 1971 Mss.
834 1937 925 1970 Editi
961 1950 1040 1970 vero
1076 1940 1122 1982 (v.
1152 1952 1179 1970 c.

67 1985 142 2018 edd.
160 1986 223 2026 M.)
252 1998 463 2029 »quaeramus
488 1986 527 2016 ab
550 1984 606 2023 iis,
642 1993 678 2015 ut
702 1983 800 2015 etiam
825 1992 1034 2015 terrenorum
1059 1996 1180 2027 corpo·

66 2044 137 2061 rum
155 2031 442 2073 comparationum
458 2029 664 2062 differentias
677 2028 850 2070 assignent.
870 2029 940 2060 Nos
953 2031 1053 2060 ver0“
1069 2037 1130 2060 etc.
1142 2028 1179 2062 R.

160 2087 193 2130 ὃ)
218 2086 303 2118 Edd.
330 2086 376 2119 Μ.
405 2088 626 2126 »resurgunt.“
745 2085 777 2129 ⁷)
802 2085 813 2115 l
840 2083 917 2117 Cor.
941 2083 1016 2122 XV,
1039 2082 1091 2117 41.

157 2142 191 2184 ε·)
216 2141 262 2173 lta
289 2141 367 2173 Mss.
396 2141 482 2173 Alias
505 2142 553 2183 (v.
578 2154 604 2172 c.
631 2140 661 2173 in
689 2140 762 2173 edd.
788 2140 853 2184 M.)
887 2139 1112 2173 »ostendere.“
1140 2139 1179 2170 R.

158 2197 342 2277 ⁹1)31C0r.
377 2198 456 2238 XV,
491 2196 545 2232 39.
581 2216 615 2220 —
658 2196 725 2229 Cfr.
761 2197 811 2229 ed.
845 2195 971 2240 Redep.
1004 2207 1076 2239 pag.
1105 2193 1180 2227 226.

72 2252 138 2275 not.
210 2269 216 2274 .
