1404 2463
0 0 8 76 1

0 246 9 321 Ἰ

374 107 417 128 ue
442 96 634 128 Pumcwus
661 96 771 127 Lim-:n
800 95 837 126 ΙΙ.
1113 91 1178 127 155

55 189 234 221 diffusum:
268 186 357 231 quod
377 186 406 229 ¹)
440 185 555 229 utique
585 183 884 216 innumerabilibus
915 183 1076 215 medimni
1108 195 1178 224 gra-

49 250 97 282 nis
130 248 339 293 impossibile
373 256 421 279 est
459 258 594 290 prorsus
626 245 795 285 accidere,
837 244 935 277 etiam
965 244 992 276 si
1023 258 1084 288 per
1118 244 1180 276 im-

50 313 209 354 1nensa2)
234 310 364 342 saecula
394 307 619 340 indesinenter
650 319 686 338 ac
711 306 832 350 jugiter
857 306 1082 338 effundantur.
1132 305 1178 336 lta

51 385 127 414 ergo
162 370 368 416 impossibile
400 369 480 401 mihi
516 368 646 401 videtur
671 369 792 400 eodem
818 368 955 406 ordine,
992 367 1177 411 iisdemque

50 433 160 466 modis
190 431 411 470 nascentium,
442 439 474 461 et
505 429 739 470 morientium,
773 438 807 461 et
829 429 998 471 agentium
1024 427 1105 473 quid
1130 441 1180 459 se-

52 494 162 526 cundo
194 493 401 535 mundum³)
426 504 524 535 posse
556 490 726 534 reparari;
760 490 818 522 sed
842 490 1177 533 immutationibus2)

51 568 117 588 non
143 554 286 587 minimis
311 554 459 585 diversos
484 566 581 596 posse
606 552 748 584 mundos
775 551 945 592 exsistere,
985 552 1031 584 ita
1055 560 1093 583 ut
1115 565 1179 595 pro

52 616 233 649 manifestis
255 615 439 659 quibusque
468 613 572 653 causis
588 613 712 645 melior
724 622 826 645 status
841 613 883 645 sit
899 613 1035 647 alterius
1052 612 1180 651 mundi,

4 719 5 722 Ἴ
52 688 85 710 et
115 690 177 721 pro
209 676 280 708 aliis
313 675 470 714 inferior,
502 684 535 707 et
566 688 628 719 pro
654 675 726 707 aliis
752 675 881 707 medius
906 674 1092 719 quidem5)
1116 683 1180 706 sta-

2 767 5 773 ,
52 748 114 771 tus.
163 738 277 782 Quifi)
307 746 415 769 autem
441 749 616 775 numerus,
648 736 699 767 vel
724 737 844 768 modus
870 736 922 768 hic
947 736 1006 774 sit,
1039 749 1098 777 ego
1125 749 1178 767 me

51 799 176 832 nescire
200 801 319 832 fateor.
366 798 402 831 Si
428 797 500 842 quis
525 807 636 830 autem
662 807 773 842 posset
799 799 993 837 ostendere,
1019 797 1176 830 libentius

2 863 5 869 ’
51 862 225 894 discerem.

140 923 172 956 5.
220 923 456 954 Verumtamen
488 922 671 953 multorum
708 922 920 953 saeculorum
951 920 1023 953 finis
1056 921 1179 953 dieitur

51 996 120 1016 esse
155 983 206 1015 hic
238 984 399 1023 mundus,
438 982 493 1027 qui
526 992 558 1014 et
589 982 659 1026 ipse
691 983 859 1014 saeculum
885 982 1018 1015 dicitur.
1065 984 1178 1016 Docet

50 1055 161 1077 autem
193 1055 323 1077 sanctus
355 1045 544 1088 apostolus,
586 1045 677 1088 quod
710 1044 857 1076 Christus
894 1044 926 1076 in
958 1058 998 1076 eo
1030 1046 1177 1086 saeculo,

51 1108 142 1151 quod
168 1116 241 1138 ante
268 1108 331 1138 hoc
358 1106 439 1145 suit,
464 1118 531 1137 non
557 1115 606 1137 est
630 1119 760 1150 passus,
784 1106 840 1138 sed
868 1118 908 1137 ne
922 1105 954 1150 ⁷)
974 1106 1005 1137 in
1024 1106 1084 1139 illo
1103 1107 1176 1151 qui-

55 1170 148 1207 dem,
183 1168 273 1212 quod
299 1177 372 1199 ante
398 1168 506 1210 ipsum
532 1167 613 1199 suit:
646 1177 679 1199 et
703 1167 815 1199 nescio
840 1167 866 1198 si
891 1180 1084 1200 enumerare
1108 1171 1177 1201 suf-

56 1230 184 1267 ficiam,
209 1238 328 1273 quanta
354 1228 522 1270 suerint⁸)
547 1228 712 1260 anteriora
736 1229 883 1267 saecula,
910 1228 941 1260 in
967 1229 1084 1272 quibus
1102 1244 1176 1274 pas-

53 1304 105 1323 sus
141 1303 208 1322 non
240 1299 298 1322 est.
347 1291 394 1322 Ex
426 1289 544 1333 quibus
577 1298 687 1320 autem
702 1288 735 1332 ⁹)
766 1289 976 1323 sermonibus
1006 1291 1101 1323 Pauli
1134 1294 1175 1325 ad

1 1373 5 1382 2
52 1352 263 1384 occasionem
307 1350 403 1395 liujus
441 1350 747 1394 intelligentiae¹⁰)
789 1350 956 1391 venerim,
995 1354 1176 1396 proferam,

146 1527 176 1569 ¹)
202 1527 281 1560 Mss.
308 1529 418 1573 „quod
444 1529 559 1573 utique
585 1529 884 1562 innumerabilibus
909 1531 1024 1564 mundi
1042 1534 1171 1575 granis“

54 1579 114 1603 etc.
140 1571 176 1603 ln
202 1572 298 1605 editis
323 1578 367 1617 (v.
393 1587 419 1607 c.
446 1575 522 1608 edd.
548 1575 611 1617 M.)
636 1576 728 1606 deest
754 1575 922 1619 „utique.“
950 1578 989 1608 R.

145 1629 178 1670 ²)
203 1629 258 1662 Sic
284 1630 363 1662 Mss.
389 1628 478 1661 Alias
505 1630 549 1672 (v.
575 1643 601 1662 c.
627 1630 658 1662 in
686 1631 760 1663 edd.
788 1631 851 1674 M.)
877 1631 1060 1672 „diversa.“
1087 1636 1126 1668 R.

143 1683 176 1726 ³)
202 1684 305 1716 Deest
329 1685 361 1716 in
381 1694 474 1717 antea
499 1685 596 1718 editis
623 1687 667 1730 (v.
694 1699 721 1720 c.
747 1686 823 1719 edd.
851 1688 925 1731 M),
949 1690 1006 1721 sed
1033 1691 1173 1725 babetur

53 1728 87 1758 in
112 1728 190 1761 Mss.
216 1730 430 1769 „mundum.“
457 1731 494 1764 R.

144 1783 177 1828 ⁴)
203 1785 259 1816 Sic
284 1786 360 1817 Mss.
393 1785 482 1817 Libri
515 1786 593 1818 editi
627 1788 671 1829 (v,
699 1800 724 1819 c.
752 1787 827 1820 edd.
854 1789 918 1830 M.)
945 1789 1173 1829 „immutatio-

8 1864 15 1878 A
51 1828 148 1860 nibus
176 1829 354 1862 innumeris
379 1830 547 1863 diversos“
574 1840 632 1863 ete.
661 1831 700 1863 R.
763 1834 795 1876 ⁵)
812 1833 898 1866 Edd.
918 1835 965 1867 Μ.
983 1837 1171 1880 „quid-‘mnf‘

144 1885 177 1927 ⁶)
203 1885 258 1917 Sic
285 1886 361 1918 Mss.
386 1886 538 1938 Editi.(v
573 1900 598 1919 c.
626 1887 701 1920 edd.
727 1888 791 1929 Μ.)
819 1888 911 1931 „Qui
936 1901 1046 1924 autem
1072 1895 1173 1927 veris-

7 1971 16 1974 ,⁴
52 1928 153 1961 simus
179 1931 297 1962 modus
322 1931 439 1962 borum
466 1942 523 1971 stt,
548 1937 630 1973 ego“
657 1942 718 1967 etc.
745 1933 770 1964 R

146 1987 176 2028 7)
204 1986 288 2018 Edd.
308 1987 354 2018 M.
374 1991 488 2027 „nec.“
507 2008 549 2011 -
565 1988 650 2020 Vide
665 1988 896 2029 origenianor.
917 1992 972 2024 lib.
991 1994 1028 2026 ΙΙ.
1047 2006 1170 2039 quaest.

12 2014 17 2073 j
56 2031 114 2064 ΙΙΙ.
139 2044 229 2063 num.
253 2031 306 2065 23.
334 2042 366 2063 et
389 2033 441 2065 24.
543 2035 576 2075 ”)
603 2033 686 2065 Edd.
713 2034 760 2067 M.
786 2036 971 2075 „suen-uut.“

144 2087 176 2130 ⁹)
203 2088 258 2120 Sic
291 2101 404 2119 omnes
438 2088 544 2120 Codd.
571 2089 649 2121 Mss.
685 2089 812 2135 (itemq.
847 2093 900 2125 ed.
934 2094 982 2125 M.
1009 2094 1047 2138 l.)
1080 2092 1172 2129 Editi

13 2130 17 2172 ἶ
53 2145 130 2164 vero
157 2136 201 2177 (v.
228 2146 254 2164 c.
280 2134 331 2165 ed.
361 2135 404 2166 M.
432 2133 488 2171 ΙΙ.)
516 2137 678 2173 „tamen“
708 2135 743 2168 R.

123 2190 176 2231 ¹⁰)
201 2189 259 2222 Sic
284 2203 400 2221 omues
425 2190 533 2222 Codd.
560 2190 635 2221 Mss.
661 2190 752 2222 Editi
779 2206 854 2225 vero
881 2195 925 2238 (v,
952 2209 980 2227 c.
1007 2197 1081 2230 cdd.
1105 2199 1170 2242 M.)

53 2233 330 2275 „intelligentiae‚
369 2245 405 2266 ut
443 2247 556 2266 verum
594 2236 780 2279 proferam,
819 2239 915 2272 facile
946 2241 1169 2277 deveniemus.

55 2279 112 2311 Ait
135 2281 243 2311 enim“
271 2290 331 2312 etc.
360 2279 397 2312 R.
