1404 2463
399 108 443 130 nn
468 98 662 131 anmpns
687 97 799 129 Lim-:n
827 97 848 129 Ι.
1139 98 1181 134 81

8 187 13 228 l
60 189 203 222 animam
229 188 370 222 vivam.“
420 187 523 230 Quod
557 186 583 218 si
615 185 813 228 generaliter
835 187 867 219 in
894 199 1009 219 omnes
1033 188 1183 222 homines

9 232 12 243 ’
61 251 176 282 datum
209 262 279 283 esse
309 249 525 290 intelligitur,
563 260 678 280 omnes
715 247 867 281 homines
901 248 1023 281 habent
1049 250 1190 294 partici->

60 311 154 356 pium
179 311 256 345 Dei.

149 374 180 408 7.
226 372 262 406 Si
288 385 367 405 vero
391 372 456 404 hoc
481 371 522 403 de
546 370 676 415 Spiritu
692 371 757 403 Dei
780 371 905 405 dictum
929 371 1182 414 intelligendum

60 444 125 475 est,
162 435 366 480 quoniam¹)
393 442 426 466 et
452 433 560 465 Adam
573 432 606 477 ²)
631 433 848 477 prophetasse
873 434 914 466 de
939 434 1111 467 nonnullis
1135 435 1184 468 in-

59 496 206 530 venitur:
231 509 309 538 ergo
334 495 397 541 jam
421 507 489 527 nou
521 494 737 536 generaliter,
766 496 823 528 sed
854 495 973 528 sanctis
996 495 1182 542 quibusque

61 559 176 591 datum
207 557 313 602 accipi
343 565 493 601 potest..
528 555 686 600 Denique
724 555 823 589 etiam
864 557 983 590 diluvii
1016 567 1182 602 tempore,

60 634 135 652 cum
161 619 269 652 omnis
293 632 370 651 caro
395 617 598 662 corrupisset
621 617 752 662 viam³)
777 619 863 659 Dei,
886 628 1041 664 tanquam
1068 621 1109 653 de
1133 621 1183 654 in-

60 681 167 724 dignis
190 690 222 713 et
246 680 479 725 peccatoribus
498 679 661 723 scripturn
678 688 726 712 est
744 680 863 713 dixisse
884 681 1012 715 Deum:
1039 683 1136 724 „Non
1148 684 1182 728 ι)

58 742 268 788 permanebit
291 742 437 787 Spiritus
460 754 554 774 meus
577 740 610 773 in
636 741 827 775 hominibus
851 743 920 775 istis
944 743 977 775 in
1001 753 1183 785 aeternum,

58 805 242 850 propter5)
269 805 361 849 quod
392 816 469 835 caro
504 807 612 835 suntss
660 804 698 836 In
730 817 797 848 quo
830 805 1002 838 manifeste
1036 806 1183 839 ostendi-

58 877 130 906 tur,
161 866 253 911 quod
284 867 325 898 ab
355 865 498 907 indignis
530 865 719 910 quibusque
750 866 899 898 aufertur
931 867 1076 911 Spiritus
1104 868 1182 901 Dei.

60 930 97 961 ln
123 927 263 961 Psalmis
276 927 310 971 ⁶)
341 939 475 971 quoqne
500 926 674 960 scribitur:
707 928 916 972 ,‚Auferes⁷)
941 929 1105 973 Spiritum
1126 942 1184 962 eo-

59 1004 144 1030 rum,
168 999 203 1022 et
227 988 394 1028 deficient,
420 997 452 1020 et
475 987 555 1032 ing)
580 997 700 1021 terram
718 1002 808 1022 suam
822 999 1039 1024 revertentur.
1075 991 1183 1024 Emit-

8 1093 11 1098 .
60 1062 108 1084 tes
139 1051 301 1096 Spiritum
333 1059 447 1090 tuum,
478 1058 510 1081 et
542 1050 759 1093 creabuntur,
794 1060 826 1083 et
859 1052 1033 1084 renovabis
1061 1052 1181 1086 faciem

61 1229 126 1259 tae,
151 1228 184 1250 et
208 1219 313 1250 sactus
338 1226 385 1249 est
418 1217 520 1248 homo
553 1217 586 1249 in
617 1217 760 1250 animam
792 1219 967 1252 viventem.
1021 1220 1125 1263 Quod
1155 1221 1183 1254 si

61 1263 257 1306 generaliter
271 1272 318 1295 est
331 1262 363 1294 in
374 1275 489 1294 omnes
502 1261 663 1302 homines,
676 1263 799 1295 habent
808 1273 1022 1309 participium
1032 1265 1107 1298 Dei.
1112 1270 1129 1287 ‘⁴
1140 1266 1181 1299 R.

158 1320 187 1363 ¹)
213 1318 270 1351 Sic
293 1319 372 1351 Mss.
398 1318 487 1350 Alias
512 1331 589 1350 vero
614 1319 658 1362 (V.
682 1332 709 1352 c.
734 1318 767 1351 in
793 1320 869 1354 edd.
893 1320 959 1365 Μ)
985 1322 1180 1366 „quomodo

61 1374 94 1398 et
117 1366 245 1397 Αάςιιι]ιι
271 1372 333 1396 etc.
358 1363 398 1397 R.

152 1421 187 1464 ²)
213 1420 377 1452 Adamum
394 1419 612 1464 prophetasse
627 1419 727 1452 tradit
742 1419 832 1453 idem
851 1420 1011 1463 Origenes
1027 1421 1128 1455 Hom.
1139 1422 1180 1454 H.

60 1468 92 1500 in
119 1465 303 1500 Canticum.
329 1465 486 1500 Clemens
518 1464 730 1497 Alexandria
764 1449 931 1499 Stromati’
949 1467 974 1499 Ι.
1004 1479 1079 1511 pag.
1101 1467 1180 1503 235.

59 1510 166 1556 IIaQa
188 1509 365 1567 Εβραίοις
389 1512 426 1544 δὲ
454 1512 487 1544 οἱ
511 1512 696 1566 προφῆται
727 1509 878 1555 δυνάμει
904 1514 992 1546 θεοῦ
1016 1515 1076 1546 καὶ
1099 1514 1179 1547 ἔπι-

59 1561 191 1601 πνοία·
217 1556 288 1599 πρὸ
312 1557 382 1609 μὲν
404 1557 465 1590 τοῦ
491 1554 607 1598 νόμου
629 1555 744 1600 Ἀδὰμ
776 1556 839 1590 ἐπί
858 1569 892 1592 τε
916 1558 976 1599 τῆς
997 1556 1181 1602 γυναικὸς,

60 1603 124 1636 ἐπί
144 1614 179 1636 τε
203 1603 263 1642 τῆς
286 1599 384 1640 ζωων
402 1600 600 1642 ὀνομασίας
621 1605 882 1645 προθεσπίσας.
917 1602 1082 1635 Adamum
1098 1616 1183 1647 quo-

62 1660 125 1692 que
150 1646 238 1679 haud
265 1647 404 1678 obscure
424 1645 623 1690 prophetam
643 1646 791 1690 appellat
803 1646 921 1680 Justin.
939 1657 1072 1694 martyr.
1089 1649 1181 1693 Apo-

60 1694 126 1734 log.
151 1693 178 1725 I.
204 1704 276 1736 pag.
302 1691 354 1726 73.
406 1691 489 1724 Item
521 1691 671 1723 Pseudo·
675 1691 830 1724 Clemens
860 1691 917 1724 lib.
944 1692 967 1725 l.
1005 1693 1180 1735 Recognit.

58 1751 148 1770 num.
173 1737 226 1771 47.
272 1737 409 1769 Petrum
433 1736 563 1768 inducit
594 1736 814 1768 affirmantem
850 1737 962 1781 „quod
986 1747 1113 1770 certum
1137 1738 1181 1770 sit

61 1783 228 1815 Adamum
251 1781 458 1835 puophetam
470 1781 580 1813 luisse.
586 1784 603 1802 “
628 1781 688 1814 His
702 1782 785 1814 adde
800 1781 1026 1833 Epiphaniam
1039 1783 1139 1817 Tom.
1153 1784 1180 1816 Ι.

61 1841 133 1872 pag.
152 1827 181 1861 ss.
207 1827 391 1871 πυοᾳήτης
414 1841 485 1871 qao
509 1821 565 1868 ἦν
592 1835 626 1858 et
650 1826 788 1860 suidam
814 1840 846 1859 in
873 1839 956 1859 voce
971 1826 1098 1872 Ἀδάμ,
1121 1828 1180 1861 ubi

60 1887 110 1924 pr
102 1882 193 1904 meter
236 1885 384 1904 omnium
429 1871 679 1915 disciplinarum
720 1872 948 1904 inventionem
974 1873 1179 1917 =prophetias

61 1917 160 1950 ctiam
186 1916 237 1949 illi
260 1916 387 1949 uibuit.
411 1917 450 1949 R.
478 1937 515 1941 —
542 1917 610 1950 Cfi.
636 1918 686 1949 ed.
712 1917 840 1979 Redep.
864 1930 937 1962 pag.
963 1918 1037 1952 129.
1061 1927 1130 1952 not.
1144 1918 1176 1953 3·

151 1973 197 2024 ³)
210 1971 266 2005 Sic
299 1984 414 2004 omnes
444 1973 524 2006 Wlss.
557 1974 646 2005 Alias
678 1974 723 2018 (v.
756 1986 782 2006 c.
812 1972 847 2005 in
873 1973 950 2007 edd.
973 1973 1040 2017 M.)
1070 1973 1177 2015 „viam

60 2031 165 2057 suam,
188 2017 252 2062 jam
278 2017 319 2048 de
343 2017 410 2049 illis
432 2023 610 2062 tanquam“
636 2027 699 2051 etc.
724 2018 764 2050 R.

153 2074 186 2118 ι)
212 2073 298 2106 Gen.
322 2071 380 2111 Vl,
403 2071 433 2107 3.
528 2074 561 2117 ⁵)
584 2073 669 2106 Edd.
696 2074 743 2106 Μ.
771 2083 969 2119 „propterea
993 2075 1117 2120 quod.“

153 2130 187 2173 ⁶)
212 2128 267 2161 Sic
299 2129 377 2161 Mss.
409 2141 534 2161 omnes.
566 2129 656 2161 Alias
687 2130 733 2174 (V.
759 2143 786 2163 c.
810 2130 844 2162 in
869 2130 946 2165 edd.
969 2131 1076 2175 M.‚)
1077 2131 1179 2172 ‚Psal-

62 2177 151 2209 mo.“
178 2175 219 2206 R.
316 2173 349 2218 7)
375 2166 497 2206 Psa‘lm.
523 2174 609 2214 ClV,
631 2174 685 2209 29.
709 2173 761 2209 30.
786 2175 908 2219 (CIII.)

153 2230 186 2274 ⁸)
211 2229 267 2263 Sic
293 2230 371 2262 Mss.
405 2229 495 2262 Alias
525 2231 568 2274 (v,
601 2242 627 2262 c.
661 2229 694 2262 in
728 2230 801 2262 edd.
834 2230 900 2289 M.)
930 2230 984 2273 „in
1008 2231 1178 2275 pulverem

63 2288 159 2307 suum
184 2279 421 2307 revertentur.“
447 2276 485 2308 R.

109 2336 284 2370 Omomns
311 2336 448 2370 OPERA.
474 2337 570 2369 ΤοΜ.
595 2336 689 2368 ΧΧΙ.
964 2336 985 2368 6
