1404 2463
385 130 431 154 ΒΕ
458 120 650 154 ΡιυΝοιΡιιε
680 119 793 152 Lmen
820 120 841 152 1.
1130 116 1173 150 45

51 218 112 251 ret,
136 217 173 242 ut
197 222 280 249 eam,
304 222 389 254 quae
411 219 487 243 ante
509 222 577 242 non
601 217 682 249 erat,
697 209 728 253 ¹)
751 217 869 252 postea
888 206 1038 249 genuerit
1062 216 1099 239 ut
1124 219 1174 238 es-

50 279 118 311 set3
143 279 199 303 aut
223 271 372 315 potuisse
396 270 545 315 quidem,
569 279 611 310 et,
637 269 730 314 quod
753 268 820 301 dici
844 269 886 300 de
902 268 979 299 Deo
998 268 1088 299 nefas
1114 276 1173 306 est,

50 331 197 363 noluisse
221 345 391 374 generare:
417 332 509 376 quod
521 332 555 375 ²)
579 341 759 375 utrumque
783 339 816 363 et
839 330 1020 362 absurdum
1046 342 1114 361 esse
1140 338 1173 360 et

48 392 191 437 impium
217 394 370 426 omnibus
392 402 501 438 patet;
524 392 558 424 id
583 402 641 432 est,
664 401 703 424 ut
715 392 750 437 ³)
774 401 831 424 aut
852 404 890 423 ex
910 404 962 431 eo,
987 391 1079 435 quod
1102 403 1171 422 non

47 454 170 498 potuit,
193 456 285 488 Deus
308 454 487 499 proficeret
511 462 548 486 ut
571 463 705 498 posset,
737 461 793 486 aut
818 466 895 485 cum
919 461 1050 496 posset,
1076 451 1172 484 dissi-

47 516 189 548 mularet
210 528 248 548 ac
273 515 426 548 differret
442 527 598 556 generare
616 513 821 559 sapientiam.
860 513 1007 557 Propter
1021 511 1053 557 ⁴)
1077 513 1170 557 quod

45 590 107 610 nos
130 590 264 621 semper
286 577 398 608 Deum
422 585 550 620 patrem
575 575 730 608 novimus
754 574 916 617 unigeniti
940 574 1021 607 Filii
1044 574 1105 613 sui,
1131 587 1169 605 ex

44 638 117 682 ipso
142 639 278 683 quidem
301 638 379 678 nati,
404 647 437 670 et
461 626 554 682 (quod
579 646 628 669 est
651 638 691 669 ab
716 637 789 681 ipso
813 636 985 678 trahentis,
1010 635 1079 668 sine
1096 635 1169 667 ullo

45 709 155 733 tamen
177 699 286 739 initio,
309 712 378 732 non
410 699 522 731 solum
554 711 613 737 eo,
647 698 738 741 quod
773 698 939 742 aliquibus
974 704 1168 742 temporum

45 761 158 806 spatiis
183 760 342 803 distingui
366 769 488 804 potest,
512 760 616 802 sed⁵)
641 772 682 791 ne
708 759 769 791 illo
793 759 948 804 quidem,
980 760 1072 803 quod
1096 760 1168 791 sola

43 823 132 866 apud
155 832 261 855 semet
284 822 389 866 ipsam
414 835 506 854 mens
530 821 652 853 intueri
676 821 772 860 solet,
798 830 831 853 et
851 821 962 860 nudo,
987 830 1024 853 ut
1047 821 1091 853 ita
1117 820 1169 852 di-

40 883 163 923 xerim,
195 883 371 916 intellectu
401 892 499 928 atque
531 882 642 915 animo
677 882 873 926 conspicari.
935 883 1036 915 Extra
1068 895 1167 914 omne

42 958 132 986 ergo,
156 946 249 990 quod
273 945 325 977 vel
350 945 434 984 dici,
466 945 519 977 vel
543 943 686 985 intelligi
709 953 840 987 potest,
869 944 1002 976 initium
1034 957 1168 986 genera-

42 1015 110 1039 tam
144 1020 213 1039 esse
246 1006 450 1039 credendum
483 1014 532 1038 est
563 1004 771 1048 sapientiam.
825 1006 862 1037 In
893 1006 954 1038 hac
984 1006 1054 1050 ipsa
1087 1018 1165 1047 ergo

39 1068 221 1112 sapientiae
254 1066 463 1106 subsistentia
494 1065 571 1110 quia
609 1066 717 1097 omnis
756 1066 858 1098 virtus
895 1080 932 1099 ac
962 1066 1166 1099 deformatio

41 1130 171 1162 futurae
195 1129 346 1173 inerat⁶)
371 1136 559 1167 creaturae,
584 1127 636 1158 vel
662 1140 800 1168 eorum,
828 1141 911 1172 quae
935 1128 1167 1173 principaliter

43 1190 214 1230 exsistunt,
238 1190 292 1222 vel
317 1202 445 1229 eorum,
470 1201 554 1232 quae
578 1188 742 1221 accidunt
758 1199 1015 1234 consequenter,
1042 1190 1165 1222 virtute

41 1252 280 1296 praescientiae
305 1252 529 1296 praeformata
553 1259 652 1293 atque
673 1250 849 1294 disposita:
876 1264 939 1295 pro
954 1251 986 1295 ⁷)
1010 1251 1059 1283 his
1074 1251 1164 1296 ipsis,

41 1326 125 1357 quae
148 1313 183 1346 in
206 1314 276 1358 ipsa
300 1312 462 1358 sapientia
485 1311 622 1355 veluts)
649 1311 834 1355 descriptae
865 1324 902 1344 ac
927 1313 1164 1356 praefiguratae

40 1375 172 1407 fuerant
203 1374 422 1417 creaturis‚⁹)
461 1386 495 1405 se
524 1373 631 1417 ipsam
666 1386 729 1417 per
757 1374 977 1407 Salomonem
1013 1374 1163 1418 dicit¹⁰)

131 1487 163 1530 ¹)
187 1487 273 1520 Edd.
298 1488 347 1520 M.
374 1487 533 1528 „fuerat.“

132 1545 166 1588 ²)
191 1543 247 1577 Sic
272 1543 350 1576 Mss.
376 1542 467 1575 Alias
492 1542 537 1584 (v.
564 1553 590 1572 c.
615 1539 649 1572 in
675 1541 749 1573 edd.
776 1541 842 1585 M)
870 1541 998 1584 „quia.“
1024 1542 1064 1574 R.

130 1599 165 1643 ³)
193 1599 249 1632 Sic
274 1598 352 1631 Mss.
377 1598 468 1631 Alias
494 1599 541 1641 (ν.
568 1609 593 1628 c.
619 1596 652 1628 in
677 1598 751 1631 edd.
777 1598 843 1641 M.)
876 1606 933 1638 „ut
957 1610 995 1630 ex
1021 1601 1094 1630 e0.“
1121 1598 1161 1631 Ρι.

130 1655 164 1699 ¹²)
188 1655 241 1687 De
266 1654 315 1687 his
340 1664 373 1687 et
396 1667 487 1698 seqq.
513 1653 571 1685 cfr.
597 1652 654 1684 lib.
681 1655 720 1686 ad
745 1655 879 1687 Januar.
904 1666 976 1697 pag.
997 1652 1051 1688 53.

132 1711 165 1755 ⁵)
190 1711 246 1744 Sic
269 1711 350 1744 Mss.
376 1710 483 1743 Alias:
511 1709 589 1750 „sed
614 1708 683 1742 sine
708 1709 769 1742 illo
795 1708 931 1754 quidem
957 1709 1047 1754 quod
1067 1709 1160 1741 sola“

39 1764 102 1787 etc.
126 1756 167 1789 R.
192 1775 232 1781 —
256 1755 320 1790 Ed.
344 1757 391 1789 M.
417 1757 440 1788 l.
467 1755 545 1796 „sed
569 1766 611 1786 ne
636 1754 696 1787 illo
722 1755 813 1799 quod
837 1754 941 1794 sola,“
975 1755 1161 1788 ed.¹v1.11.

40 1800 118 1842 „sed
141 1799 211 1832 sine
236 1800 296 1833 illo
323 1802 414 1846 quod
437 1802 518 1834 sola.
523 1803 540 1820 “

37 1909 108 1933 nm
131 1855 623 1936 ⁶1)3Ed(l.M.„1ne1-ant“—
658 1855 728 1893 Cfr
761 1855 813 1888 ed.
845 1855 974 1898 Redep.
998 1867 1071 1899 pag.
1087 1854 1161 1889 108

132 1955 164 1999 7)
190 1956 247 1990 Sic
276 1956 355 1989 Mss.
397 1956 487 1989 Alias
522 1957 571 2001 (v.
605 1971 634 1990 c.
667 1957 700 1990 in
731 1957 807 1990 edd.
839 1956 905 2000 M.)
942 1968 1031 2000 „pro
1067 1954 1160 2000 ipsis,

37 2004 142 2045 quae“
169 2011 230 2033 etc.
256 2002 296 2033 R.

131 2058 166 2100 8)
192 2058 240 2089 lta
271 2056 356 2089 Cod.
373 2057 596 2100 Remigianus,
621 2067 653 2090 et
675 2067 766 2090 recte
786 2059 935 2091 omnino.
966 2057 1033 2089 Alii
1048 2057 1157 2091 Codd.

39 2102 169 2147 (itemq.
195 2103 269 2134 edd.
296 2103 342 2134 M.
369 2111 401 2134 et
423 2102 576 2148 danuar.)
609 2104 722 2144 „velut
747 2103 911 2147 descripta
935 2115 972 2135 ac
996 2102 1159 2147 praefigu-

33 2156 101 2179 rata
125 2149 288 2180 fue1·ant.“
315 2148 354 2180 R.

128 2205 161 2248 ⁹)
186 2204 271 2236 Edd.
300 2204 345 2236 M.
372 2203 562 2243 „creaturis,
586 2204 643 2235 sed
668 2203 794 2247 ipsam“
820 2214 882 2237 etc.

0 2299 1 2302 Ἴ
110 2260 162 2303 ¹⁰)
188 2260 243 2293 Sic
274 2259 352 2292 Mss.
384 2258 476 2291 Libri
510 2259 589 2292 editi
621 2261 666 2303 (v.
692 2273 718 2291 c.
743 2260 817 2291 edd.
844 2260 908 2303 Μ.)
942 2259 1046 2300 „dicit
1068 2272 1157 2291 crea-

37 2313 104 2337 tam
129 2319 198 2338 esse
221 2304 437 2350 sapientiam“
464 2314 525 2338 ete,
551 2306 589 2338 R.
617 2325 656 2330 ·-
683 2305 750 2338 Cfr.
775 2305 874 2337 Prov.
902 2306 988 2344 Vlll,
1011 2305 1064 2339 22.
