1404 2463
389 123 433 145 nu
459 113 649 145 mecu‘us
673 112 782 144 mez
808 111 831 143 1.
1106 112 1167 146 103

50 217 132 236 mur.
181 204 275 235 Nunc
301 212 409 234 autem
435 200 622 245 disputandi
640 202 669 243 ¹)
701 201 809 245 specie
841 201 940 241 magis
965 213 1062 244 quam
1088 202 1167 233 defi-

50 265 171 303 niendi,
197 273 295 308 prout
321 276 506 308 possumus,
533 275 733 294 exercemur.
777 261 867 294 Finis
893 274 970 302 ergo
996 263 1109 294 mundi
1136 273 1168 309 et

51 326 292 358 consummatio
319 324 466 364 dabitur,
500 337 572 355 cum
605 323 829 367 uuusquisque
856 335 917 367 pro
944 324 1063 355 merito
1091 338 1167 367 pm·-

52 396 200 419 catorum
225 386 324 418 etiam
349 384 466 429 poenis
490 384 703 429 subjicietur:
728 385 819 428 quod
843 394 974 428 tempus
1000 385 1091 417 Deus
1115 399 1166 417 so-

51 449 100 481 lus
128 448 292 490 agnoscit,
329 447 461 491 quando
492 446 718 490 unusquisque
743 447 833 490 quod
859 455 1021 485 meretur,
1048 459 1167 490 expen-

49 510 114 542 det.
162 508 243 552 ln²)
274 521 375 540 unum
406 520 483 539 sane
514 507 612 539 finem
645 517 798 552 putamus
833 508 924 551 quod
948 508 1078 540 bonitas
1102 508 1167 540 Dei

49 584 109 615 per
136 570 301 604 Christum
327 582 421 600 suum
446 569 631 600 universam
656 578 791 601 revocet
806 578 1001 609 creaturam,
1026 569 1169 601 subactis

50 641 81 663 et
114 631 253 664 subditis
285 630 383 662 etiam
418 629 568 663 ini‘micis.
621 630 678 663 Sic
711 630 799 663 enim
831 630 912 663 dicit
942 639 1050 662 sancta
1080 630 1171 662 Scri—

49 702 162 736 ptura:
189 691 346 736 ‘’Dixit3)
377 691 543 723 Dominus
575 691 713 724 domino
747 704 842 724 meo:
877 693 955 724 sede
990 705 1007 723 a
1044 692 1166 724 dextris

48 753 140 794 meis,
166 755 272 785 donec
299 766 421 797 ponam
445 752 598 786 inimicos
623 762 698 785 tuos
728 754 910 786 scabellum
942 754 1066 798 pedum
1092 762 1168 785 tuo-

49 827 152 847 rum.«
203 814 306 857 Quod
328 814 354 846 si
380 814 487 846 minus
511 814 608 846 nobis
627 814 838 847 manifestum
857 825 915 854 est,
940 815 1021 859 quid
1046 815 1079 846 in
1105 815 1168 847 hoc

50 876 172 925 iudicet
204 876 423 920 propheticus
455 875 627 920 serm0‚⁴)
665 876 770 908 Paulo
808 876 964 921 apostolo
1006 876 1168 908 discamus

49 937 193 981 apertius
226 937 374 977 dicente,
406 938 499 982 quod
532 939 732 980 »oportetij
765 937 980 970 Christum
1021 951 1167 979 regnare,

49 1000 157 1031 donec
181 1008 283 1043 ponat
307 1012 421 1030 omnes
446 998 597 1030 inimicos
621 1000 682 1030 sub
705 998 847 1042 pedibus
871 999 967 1032 suis.«
1018 999 1122 1043 Quod
1134 1002 1167 1044 θ)

48 1060 74 1092 si
99 1073 140 1092 ne
164 1060 224 1092 ista
252 1060 387 1104 quidem
412 1059 558 1104 apostoli
588 1069 654 1091 tam
689 1069 801 1103 aperta
825 1060 984 1092 sententia
1009 1061 1084 1093 satis
1108 1075 1168 1095 nos

51 1121 251 1165 edocuit,⁷)
286 1122 365 1165 quid
396 1121 438 1153 sit
460 1120 613 1153 inimicos
637 1120 718 1164 poni
742 1122 802 1153 sub
827 1121 987 1165 pedibus,
1011 1123 1089 1155 audi
1113 1125 1169 1156 ad-

52 1183 115 1214 huc
147 1195 221 1215 eum
254 1182 286 1214 in
312 1182 606 1226 consequentibus:
643 1181 855 1226 »Oportet8)
888 1183 975 1215 enim
1001 1184 1031 1216 ei
1057 1185 1167 1218 omnia

54 1257 123 1276 esse
147 1244 325 1288 subject-mu
376 1243 471 1287 Quae
497 1256 573 1285 ergo
600 1253 648 1276 est
669 1243 844 1288 subjectio,
868 1257 931 1288 qua
957 1245 1087 1278 Christo
1113 1248 1169 1279 de-

52 1307 132 1338 bent
172 1318 240 1338 esse
272 1305 384 1337 omnia
415 1304 584 1349 subjecta?
630 1305 700 1346 Ego
741 1305 901 1344 arbitror,
939 1307 1057 1351 qui-1⁹)
1089 1309 1168 1342 haec

51 1367 132 1412 ipsa,
157 1380 220 1412 qun
245 1380 305 1398 nos
330 1379 462 1410 quoque
487 1375 639 1410 optamus
664 1366 693 1397 ci
726 1379 794 1398 esse
818 1367 974 1411 subjecti,
1006 1382 1069 1413 qua
1092 1372 1169 1403 sub-

50 1428 129 1474 jecti
152 1428 181 1460 ei
205 1437 280 1460 sunt
304 1437 337 1459 et
360 1428 524 1472 apostoli,
548 1437 580 1459 et
605 1440 720 1460 omnes
743 1428 862 1468 saneti,
887 1428 942 1472 qui
965 1431 1069 1462 secuti
1093 1442 1168 1465 sunt

51 1490 228 1523 Christum.
275 1489 499 1534 Subiectionis
531 1489 619 1521 enim
644 1502 781 1530 nomen,
813 1503 877 1534 qua
909 1490 1041 1523 Christo
1065 1493 1168 1539 subji-

52 1551 172 1591 eimur,
197 1551 354 1590 salutem,
379 1563 460 1595 quae
485 1564 501 1582 a
528 1551 659 1583 Christo
686 1559 752 1588 est,
777 1551 900 1583 indicat
923 1553 1167 1597 subjectorum:

148 1717 177 1761 ¹)
203 1717 272 1750 Cfr.
297 1717 346 1750 ed.
372 1717 501 1761 Redep.
525 1730 598 1763 pag.
624 1717 697 1753 143.
721 1727 790 1751 not.
815 1717 844 1752 6.

144 1773 178 1817 ²)
203 1773 288 1805 Vide
327 1773 489 1805 Huetium
531 1773 588 1806 lib.
614 1774 656 1807 ll.
695 1773 923 1815 origenianor.
963 1785 1086 1818 quaest.
1110 1777 1165 1810 XI.

53 1831 140 1851 num.
165 1818 195 1852 9.
222 1820 256 1850 et'
278 1826 400 1862 quaest.
428 1818 482 1850 HI.
506 1831 597 1851 num.
619 1818 676 1853 30.
700 1819 739 1851 R.
782 1835 784 1837 ·

145 1874 178 1917 ³)
203 1873 323 1906 Psalm.
349 1872 418 1912 CX,
445 1875 473 1908 1.

144 1930 176 1974 ⁴²)
202 1928 258 1962 Sic
278 1929 358 1961 Mss.
383 1929 472 1961 Alias
497 1930 541 1973 (v.
566 1943 592 1961 c.
608 1930 640 1962 in
658 1931 732 1963 edd.
753 1931 816 1975 M.)
845 1944 990 1964 »sermoz
1016 1934 1056 1964 ab
1075 1938 1166 1977 Apo-

0 1974 1 1978 *
52 1976 140 2008 stolo
166 1974 325 2006 discamus
350 1974 512 2017 apertius«
540 1984 599 2008 etc,
626 1976 652 2007 R

144 2031 176 2073 ⁵)
203 2031 215 2061 1
243 2029 319 2062 cor.
344 2029 419 2069 xv,
444 2030 497 2063 25.

146 2086 180 2128 6)
206 2084 295 2117 Libri
321 2083 400 2116 editi
426 2085 472 2127 (v.
497 2098 523 2118 c.
549 2086 621 2118 edd.
648 2085 713 2130 M.)
751 2086 872 2129 »Quod
898 2099 973 2118 sanc
998 2088 1075 2119 ista«
1105 2099 1164 2121 etc.

55 2134 100 2164 At
123 2131 201 2163 Mss.
227 2139 262 2161 ut
287 2129 318 2161 in
343 2139 456 2161 nostro
482 2138 582 2163 textu.
607 2131 635 2162 R

149 2187 181 2230 ⁷)
206 2185 295 2218 Libri
320 2185 416 2217 editi:
444 2185 615 2225 »edocuit‚
651 2187 742 2230 quod
767 2187 824 2219 sit«
854 2197 913 2220 etc.
961 2191 1004 2220 At
1030 2189 1105 2222 Mss.
1131 2199 1165 2221 ut

57 2232 88 2263 in
113 2240 226 2264 nostro
251 2239 351 2262 textu.
377 2230 416 2262 R.
443 2250 481 2254 m
506 2230 592 2266 Edd.
619 2232 664 2263 Μ.
692 2232 852 2265 »edocuit
902 2233 993 2276 Quid
1018 2234 1076 2266 sit«
1106 2244 1164 2267 etc.

148 2286 182 2330 Β)
208 2287 218 2318 Ι
246 2285 324 2319 Cor.
349 2284 422 2324 XV,
446 2285 497 2318 27.
592 2286 623 2331 9)
650 2287 709 2319 Ed.
736 2288 782 2320 M.
811 2290 850 2322 H.
880 2289 1021 2332 »quod.«
