1404 2463
180 140 248 175 470
670 139 851 173 OmGssms

187 228 281 273 quod
300 227 475 273 Scriptura
501 227 594 266 dicit,
622 227 699 272 quia
725 228 897 271 „nemo¹)
922 227 1066 261 mundus
1091 240 1109 261 a
1133 229 1244 271 sorde,
1268 241 1329 262 nec

185 289 214 323 si
244 289 345 323 unius
377 289 445 323 diei
476 289 582 322 suerit
606 289 674 323 'vita
702 289 805 336 ejus.“
854 289 948 322 Haec
973 301 1055 322 vero
1081 290 1211 331 anima,
1245 303 1329 335 quae

185 351 250 384 fuit
273 351 308 383 in
332 351 434 391 Jesu,
466 351 666 396 priusquam
691 352 792 385 sciret
815 351 962 392 malum,
994 351 1096 394 elegit
1119 353 1265 385 honum:
1297 361 1331 385 et

187 411 264 457 quia
295 411 413 445 dilexit
425 411 458 456 ²)
490 411 671 458 justitiam,
705 422 738 446 et
770 412 844 445 odit
876 412 1111 457 iniquitatem,
1147 422 1331 458 propterea

186 473 280 506 unxit
306 474 427 516 eam³)
452 473 548 506 Deus
574 473 653 506 oleo
680 474 875 518 laetitiae⁴)
901 486 981 519 prae
1005 474 1227 520 participibus
1250 470 1327 507 suis.

187 535 280 568 Oleo
314 547 394 576 ergo
428 534 574 567 laetitiae
599 535 755 577 ungitur,
788 549 866 568 cum
892 537 997 569 verbo
1025 535 1091 568 Dei
1113 532 1330 565 immaculata

185 595 422 629 foederatione
447 595 626 641 conjuncta
652 597 765 641 est,⁵)
802 607 834 630 et
858 610 920 641 per
943 595 1054 638 hoc⁶)
1077 593 1151 626 sola
1174 592 1330 626 omnium

184 657 374 689 animarum
405 657 535 702 peccati
565 657 705 702 incapax
736 657 818 695 fuit,
857 656 935 701 quia
967 655 1052 689 Filii
1077 655 1147 689 Dei
1178 655 1266 687 bene
1297 663 1330 686 et

183 718 288 763 plene
314 730 416 763 capax
441 718 526 750 fuit:
563 718 711 762 ideoque
738 726 771 750 et
794 731 901 750 unum
930 731 1007 751 cum
1032 717 1107 762 ipso
1134 726 1203 760 est,
1227 725 1329 761 atque

187 779 259 825 ejus
291 778 465 812 vocabulis
496 788 728 823 nuncupatur,
762 788 796 811 et
818 780 916 812 Jesus
943 779 1095 812 Christus
1127 778 1330 824 appellatur,

185 853 248 884 per
280 852 381 884 quem
424 839 538 871 omnia
576 840 663 872 facta
700 852 771 872 esse
810 840 981 873 dicuntur.
1027 840 1082 873 De
1113 853 1177 884 qua
1207 839 1330 878 anima,

186 902 348 945 quoniam
372 909 479 934 totam
504 899 538 932 in
562 912 597 932 se
620 899 819 944 sapientiam
836 900 915 940 Dei,
940 909 974 933 et
996 901 1186 941 veritatem,
1210 901 1330 934 vitam-

186 974 252 1005 que
276 970 462 1006 receperat,
486 960 587 993 etiam
612 960 699 993 illud
724 961 872 994 arbitror
896 961 1017 994 dixisse
1040 962 1246 1007 apostolum,
1273 963 1332 1007 qni

184 1023 250 1063 ait,
288 1023 448 1068 quoniam
481 1022 619 1066 „vita⁷)
649 1032 764 1055 nostra
795 1023 992 1056 abscondita
1018 1032 1067 1056 est
1092 1037 1169 1056 cum
1195 1024 1330 1057 Christo

184 1083 221 1117 in
236 1085 336 1118 Deo:
369 1097 446 1117 cum
470 1093 584 1117 autem
603 1083 755 1117 Christus
779 1083 986 1128 apparuerit,
1010 1083 1077 1116 vita
1099 1093 1227 1127 nostra,
1250 1093 1332 1118 tunc

186 1155 221 1179 et
256 1159 317 1178 vos
355 1157 433 1179 curn
467 1145 593 1190 ipsoss)
628 1145 834 1190 apparebitis
865 1145 899 1178 in
931 1145 1071 1188 gloria.“
1120 1143 1208 1190 Quis
1239 1146 1330 1179 enim

185 1207 270 1241 alius
300 1207 356 1240 hic
369 1206 404 1252 9)
434 1206 676 1249 intelligendus
702 1205 819 1252 estu)
845 1206 1014 1247 Christus,
1039 1206 1099 1252 qui
1120 1207 1155 1240 in
1172 1206 1226 1251 ¹¹)
1251 1207 1329 1240 Deo

185 1268 406 1302 absconditus
431 1268 575 1309 dicitur,
611 1276 645 1301 et
668 1278 787 1313 postea
811 1268 1043 1314 appariturus,
1069 1268 1134 1301 nisi
1156 1268 1235 1311 ille,
1270 1268 1330 1313 qui

185 1330 264 1363 oleo
297 1329 447 1363 laetitiae
479 1340 600 1363 unctus
632 1331 796 1370 refertur,
828 1329 864 1363 id
896 1339 962 1370 est,
993 1329 1328 1374 substantialiter¹²)

182 1390 262 1423 Deo
289 1391 458 1435 repletus,
489 1391 525 1424 in
551 1404 620 1436 quo
643 1401 734 1424 nunc
757 1392 975 1425 absconditus
1004 1390 1153 1425 dicitur?
1184 1391 1331 1435 Propte-

183 1463 241 1484 rea
265 1451 355 1484 enim
381 1461 415 1484 et
446 1452 604 1484 omnibus
629 1453 845 1485 credentibus
871 1453 1023 1486 Christus
1048 1452 1242 1496 exemplum
1266 1464 1329 1496 po-

184 1512 295 1556 nitur,
318 1513 398 1558 quia
421 1513 510 1546 sicut.
533 1513 592 1545 ille
619 1525 771 1557 semper,
797 1523 830 1546 et
854 1523 1034 1558 antequam
1058 1513 1160 1545 sciret
1187 1513 1327 1545 omnino

185 1574 327 1616 malum,
353 1574 453 1616 elegit
476 1575 622 1617 bonum,
647 1582 679 1607 et
704 1574 823 1608 dilexit
846 1574 1020 1620 justitiam,
1044 1583 1078 1607 ct
1103 1574 1184 1607 odio
1212 1574 1329 1607 habuit

284 1719 317 1764 ¹)
343 1719 416 1754 cfr.
440 1720 522 1753 Job.
548 1719 624 1762 XV,
651 1719 705 1754 14.
803 1719 838 1763 ²)
866 1719 937 1753 Cfr.
963 1718 1086 1754 Psalm.
1110 1719 1214 1761 XLV,
1239 1719 1270 1754 7.

279 1775 314 1818 ³)
339 1775 427 1808 Edd.
451 1776 499 1809 M.
527 1778 663 1817 „eum-‘⁴

277 1831 312 1876 ⁴)
337 1831 446 1864 Deest
471 1830 661 1864 »iaetitiae“
687 1830 720 1863 in
747 1831 799 1865 ed.
828 1831 875 1866 Μ.
901 1832 928 1865 I.

277 1887 312 1931 ⁵)
335 1887 560 1920 Desideratur
592 1889 684 1928 „est“
709 1886 742 1919 in
769 1887 850 1921 edd.
873 1886 923 1920 Μ.

277 1944 314 1988 ⁶)
338 1942 404 1978 Ed.
430 1942 478 1975 M.
505 1943 529 1976 Ι.
557 1942 695 1984 „haec.“
792 1942 825 1988 ⁷)
851 1943 921 1976 Cfr.
948 1942 1082 1976 Coloss.
1106 1940 1170 1983 III,
1193 1942 1225 1978 3.

277 1998 314 2041 ⁸)
339 1999 390 2031 Ita
414 1999 497 2032 Mss.
523 1998 618 2032 Editi
643 2010 724 2030 vero
750 1998 798 2042 (v,
825 2011 852 2031 c.
879 1998 956 2032 edd.
982 1997 1050 2043 Μ.)
1078 1998 1269 2040 ,,(]Ιιι·ἰεω.“
1284 1999 1325 2033 R.

276 2054 313 2097 ⁹)
338 2053 396 2086 Sic
420 2053 502 2088 Mas.
529 2054 566 2086 In
596 2054 692 2087 editis
718 2053 766 2099 (ν.
793 2067 820 2087 c.
840 2054 916 2087 edd.
930 2054 999 2099 M.)
1024 2055 1134 2087 deest:
1162 2054 1269 2097 „hic.“
1284 2055 1324 2087 R.

255 2109 311 2153 ¹⁰)
336 2108 560 2143 Desideratur
585 2113 677 2152 „est“
702 2110 737 2142 in
765 2110 816 2142 ed.
841 2110 974 2153 Redep.

258 2164 313 2207 ¹¹)
338 2164 397 2197 Sic
421 2166 502 2198 Mss.
530 2165 664 2211 (itemq.
693 2166 745 2199 ed.
770 2166 818 2199 Μ.
846 2165 888 2210 l.)
912 2165 1006 2198 Editi
1032 2165 1079 2210 (v.
1105 2179 1132 2200 c.
1158 2166 1234 2199 edd.
1258 2165 1325 2209 M.)

186 2210 241 2251 „in
266 2212 342 2241 eo.“
369 2210 412 2244 R.

185 2264 414 2343 x1‘';7²)7Cfr.
441 2267 495 2299 ed.
521 2267 652 2311 Redep.
677 2279 750 2312 pag.
777 2266 855 2302 373.
882 2275 952 2299 not.
970 2266 1024 2302 23.
1044 2286 1085 2294 -—
1111 2265 1181 2301 Cfr.
1201 2265 1325 2299 Psalm.
