1404 2463
213 99 279 133 204
688 103 863 136 Ome-ms

212 189 268 230 iis,
294 189 372 222 licet
395 190 528 224 alterius
553 191 595 224 sit
620 193 760 233 coioris;
785 192 865 225 nihil
891 192 979 224 enim
1002 192 1106 224 refert
1130 191 1186 236 qui
1209 191 1251 224 sit
1276 204 1332 224 co-

212 252 282 291 lor,
317 252 502 285 dummodo
533 253 714 287 substantia
743 255 785 287 sit
817 254 934 287 vitalis.
981 255 1034 286 De
1058 252 1214 298 jumentis
1240 266 1331 292 vero,

213 313 264 345 vel
291 314 493 358 pecudibus,
526 316 616 359 quod
642 315 818 349 animantia
843 316 924 355 sint,
956 315 1054 348 etiam
1071 317 1100 359 ¹)
1126 315 1215 359 apud
1241 328 1331 347 com-

212 388 345 408 munem
377 376 572 420 opinionem
597 376 689 411 nulla
713 377 876 410 dubitatio
903 378 1007 422 εει-2)
1053 376 1199 409 Evidens
1222 385 1331 408 tamen

213 438 305 480 est³)
329 437 460 470 divinae
482 439 673 483 Scripturae
697 440 870 478 sententia,
895 452 969 471 cum
995 438 1076 471 dicit
1093 439 1201 471 Deus:
1227 437 1332 479 „Pro-

212 500 312 532 ducat
325 499 356 544 ι)
382 510 467 534 terra
491 501 634 533 animam
660 502 765 534 vivam
789 502 973 534 secundum
998 513 1117 542 genus,
1142 494 1331 544 quadrupe-

212 562 331 607 dia.⁵)
367 571 400 595 et
430 563 598 607 repentia,
637 572 670 595 et
704 563 822 595 bestias
859 572 964 595 terrae
988 563 1171 595 secundum
1197 564 1329 605 genus.“

209 623 284 656 Jam
318 637 396 656 vero
430 625 470 656 de
503 624 638 656 homine
663 624 812 669 quamvis
835 624 919 656 nulii
944 623 1083 656 dubium
1107 623 1165 662 sit,
1196 635 1256 654 nec
1281 634 1332 654 re-

213 685 346 730 quirere
370 685 487 730 aliquis
510 685 628 730 possit,
653 696 763 718 tamen
789 695 820 719 et
844 686 1015 730 Scriptura
1041 685 1149 718 divina
1173 684 1333 726 designat,

212 749 304 792 quod
336 749 448 789 „Deus
461 748 493 791 ⁶)
524 747 558 780 in
596 748 714 780 faciem
747 748 815 794 ejus
846 747 1063 792 inspiravit7)
1093 746 1332 791 spiramentum

212 809 314 849 vitae,
345 819 377 841 et
402 810 506 842 factus
531 819 580 841 est
605 811 707 842 homo
732 810 764 842 in
791 810 934 842 animam
959 809 1158 841 viventem.“
1206 807 1332 851 Super-

211 881 259 904 est
291 872 332 904 de
357 871 506 913 angelico
532 871 649 903 ordine
674 871 854 916 requirere,
879 869 1036 915 utrum⁹)
1063 879 1096 902 et
1119 869 1182 914 ipsi
1206 869 1331 902 animas

210 934 372 972 habeant,
407 945 447 964 an
481 932 608 965 animae
639 933 720 971 sint,
752 933 805 965 vel
830 934 871 965 de
897 932 1013 965 ceteris
1038 931 1155 964 divinis
1180 929 1333 963 coelesti-

210 996 338 1039 busque
363 994 555 1035 virtutibus‚
581 995 638 1026 sed
664 1003 698 1026 et
722 995 763 1027 de
789 994 961 1027 contrariis
986 993 1217 1038 potestatibus.
1265 993 1333 1024 Au-

214 1056 402 1089 ctoritatem
435 1056 569 1100 quidem
596 1056 726 1088 divinae
751 1056 942 1100 Scripturae
966 1068 1106 1100 usquam
1130 1055 1258 1087 nullam
1282 1054 1332 1086 in-

212 1118 378 1157 venimus,
409 1119 500 1162 quod
527 1118 578 1150 vel
603 1118 728 1160 angeli,
760 1118 813 1149 vel
837 1116 864 1150 si
888 1117 945 1162 qui
968 1126 1044 1149 sunt
1068 1115 1174 1149 divini
1197 1115 1332 1161 spiritus

213 1180 356 1212 ministri
378 1180 464 1219 Dei,
505 1181 558 1212 vel
590 1179 713 1212 animas
743 1179 882 1220 habere,
919 1179 972 1211 vel
1005 1177 1132 1210 animae
1164 1178 1332 1211 dicantur:

210 1242 388 1275 animantia
421 1251 531 1273 tamen
563 1254 630 1273 esse
662 1254 679 1273 a
711 1240 967 1285 quamplurimis
990 1239 1187 1274 sentiuntur.
1233 1241 1287 1272 De
1299 1241 1332 1283 ⁹)

211 1305 287 1336 Deo
320 1313 430 1336 autem
461 1302 646 1335 invenimus
671 1302 832 1347 scriptum
859 1315 929 1335 esse
945 1303 997 1346 ¹⁰)
1023 1302 1083 1334 ita:
1111 1302 1244 1346 „Et¹¹)
1270 1315 1331 1347 po-

211 1379 287 1398 nam
311 1366 456 1397 animam
482 1377 591 1397 meam
614 1377 714 1408 super
736 1364 879 1397 animam
904 1363 1015 1401 illam.
1047 1377 1131 1408 quae
1154 1364 1332 1397 manduca—

212 1427 296 1459 verit
326 1426 537 1468 sanguinem‚
564 1426 802 1463 et„eradicab0
828 1438 899 1458 eam
931 1425 971 1456 de
997 1425 1128 1468 populo
1153 1429 1261 1457 su0:“
1300 1436 1333 1458 et

212 1489 291 1521 item
325 1488 422 1520 alibi:
461 1487 748 1532 „Neomenias¹²)
775 1496 910 1525 vestras.
943 1496 976 1518 et
999 1487 1149 1525 sabbata,
1181 1496 1214 1519 et
1242 1486 1331 1519 diem

213 1563 367 1592 magnum
399 1559 571 1594 acceptum
602 1563 669 1582 non
702 1549 819 1581 habeo.
866 1547 997 1592 Jejunia
1029 1558 1062 1581 et
1086 1548 1182 1581 ferias
1207 1558 1239 1582 et
1263 1549 1333 1582 dies

312 1702 341 1745 ¹)
367 1700 432 1734 Ed.
457 1701 505 1734 M.
532 1701 555 1733 Ι.
581 1701 685 1733 male:
713 1705 835 1741 „esse.'-‘

305 1759 339 1801 ²)
365 1758 428 1790 Ed.
449 1757 495 1790 Μ.
516 1757 538 1788 l.
556 1769 748 1800 perperam:
769 1766 848 1796 „est.
875 1755 937 1789 Cui
956 1756 1046 1788 Deus
1064 1765 1172 1788 tamen
1190 1758 1257 1787 est“
1270 1765 1331 1790 etc.

302 1817 334 1855 3)
361 1814 445 1845 Edd.
472 1814 518 1845 Μ.
545 1822 614 1851 „est
638 1823 670 1844 et
696 1811 848 1844 divinae⁶⁴
875 1821 937 1845 etc.
1019 1811 1051 1854 4)
1077 1812 1161 1844 Gen.
1190 1812 1213 1851 Ι,
1233 1811 1286 1845 24.

306 1872 338 1912 ⁵)
366 1870 400 1900 ln
426 1878 520 1900 antea
545 1869 641 1901 editis
665 1870 712 1911 (v,
737 1882 763 1901 c.
783 1869 856 1901 edd.
873 1869 938 1910 M.)
964 1868 1084 1900 omissa
1109 1877 1194 1906 sunt,
1219 1881 1332 1911 quam-

214 1917 260 1949 vis
284 1914 493 1959 reperiantur
515 1914 549 1945 in
575 1913 728 1946 omnibus
754 1915 831 1948 Mss.
856 1915 973 1946 verba:
1008 1913 1274 1958 „quadrupedi-21,
1299 1923 1332 1946 et

214 1960 373 2005 repentia.
399 1967 432 1990 et
466 1979 497 1983 —
522 1960 705 1991 secundum
731 1962 861 2000 genus.“
887 1959 926 1991 R.

306 2017 339 2057 ⁶)
367 2014 450 2047 Gen.
479 2015 518 2054 ΙΙ,
543 2015 572 2048 7.
691 2015 723 2058 7)
747 2014 834 2046 Edd.
859 2015 906 2047 M.
934 2014 1197 2058 ‚‚inspi1·averit.“

305 2073 337 2112 Β)
364 2071 447 2102 Vide
472 2070 631 2102 Huetium
651 2070 882 2111 Origenianor.
903 2071 957 2104 lib.
975 2070 1016 2103 ll.
1043 2079 1166 2114 quaest.
1187 2071 1223 2103 V.
1241 2084 1330 2103 num.

213 2119 243 2152 6.
270 2117 347 2149 coll.
374 2116 426 2149 ed.
454 2116 578 2159 Redep.
605 2128 674 2159 pag.
700 2116 774 2150 207.
800 2126 869 2148 not.
894 2116 948 2149 20.

306 2173 339 2215 ⁹)
365 2171 448 2203 Vide
475 2171 704 2212 Origenianor.
732 2172 787 2207 lib.
813 2173 854 2205 ῙΙ.
880 2181 1003 2217 quaest.
1032 2173 1069 2204 V.
1094 2185 1183 2204 num.
1209 2172 1241 2205 6.

287 2228 341 2270 ¹⁰)
366 2227 468 2259 Deest
492 2231 603 2266 „esse“
630 2226 662 2258 in
688 2227 760 2258 edd.
788 2228 832 2260 M.

287 2285 340 2327 ¹¹)
365 2283 434 2315 Csr.
456 2281 558 2315 Lavit.
583 2282 691 2325 XVU,
721 2283 769 2316 10.
855 2284 906 2327 ¹²)
936 2284 1003 2317 Csr.
1027 2283 1124 2317 Jcsai.
1151 2284 1176 2322 l,
1203 2283 1251 2318 13.
1280 2284 1330 2320 Η.
