1404 2463
162 135 207 171 56
641 138 818 172 Omssssms

168 224 278 258 Filius
306 225 373 258 Dei
404 226 663 270 brevissimae¹)
695 227 836 261 insertus
872 227 1007 260 humani
1046 226 1198 271 corporis
1228 227 1299 261 sor-

167 299 253 327 mae,
277 299 315 319 ex
340 300 483 332 operum
509 287 706 333 virtutisque
737 289 955 323 similitudine
979 288 1087 321 Patris
1118 288 1153 321 in
1177 301 1211 321 se
1235 288 1298 321 im-

167 361 315 381 mensam
339 362 378 382 ac
401 349 602 383 invisibilem
627 350 892 393 magnitudinem
919 350 1122 394 designabat,
1148 363 1211 396 per
1233 349 1299 383 hoc

169 411 262 454 quod
293 410 426 444 dicebat
455 413 497 445 ad
529 412 716 458 discipulos
739 427 827 454 suos,
865 413 942 458 quia
968 412 1094 458 „qui²)
1117 425 1173 445 me
1198 411 1300 452 videt,

170 471 264 504 videt
295 482 328 505 et
358 473 536 507 Patrem:“
571 484 622 508 et:
660 488 743 518 „ego
755 475 789 520 ³)
823 485 855 508 et
886 475 986 508 Pater
1016 487 1120 507 unum
1151 476 1297 507 sumus.“

172 532 306 576 Quibus
345 535 445 568 etiam
477 536 563 569 illud
600 536 708 570 simile
738 536 996 579 intelligendum
1028 545 1077 569 est
1114 536 1207 580 quod
1243 534 1300 574 ait,

169 594 247 639 quia
273 596 394 636 „Pater
404 596 438 642 ⁴)
462 597 496 630 in
520 611 574 631 me
599 607 659 638 est,
684 607 718 631 et
744 611 804 641 ego
829 599 862 631 in
887 599 1019 632 Patre.“

259 657 290 693 9.
338 658 519 692 Videamus
548 673 638 693 nunc
670 660 770 693 etiam
801 660 886 693 illud
923 659 1067 705 qualiter
1088 657 1300 691 sentiendum

173 728 233 760 est,
258 721 351 764 quod
374 720 408 754 in
433 721 606 766 Sapientia
629 721 821 755 Salomonis
844 723 1005 767 scriptum
1029 720 1186 763 legimus,
1223 718 1302 765 quia

172 778 218 813 ita
249 781 296 814 ait
326 783 368 815 de
399 783 580 829 sapientia,
614 784 691 829 quia
722 797 849 829 „vapor
861 783 894 829 ⁵)
926 792 976 816 est
1005 782 1140 828 quidam
1170 780 1302 814 virtutis

171 841 256 883 Dei,
296 853 330 876 et
366 846 555 890 aporrhoea
586 845 842 891 Omnipotentis
873 844 1003 888 gloriae
1041 831 1233 889 purissima,
1270 851 1304 875 et

172 903 338 947 splendor
360 906 443 939 lucis
467 916 631 950 aeternae,
657 916 689 940 et
712 908 885 952 speculum
909 906 1161 939 immaculatum
1183 905 1303 950 inope-

174 965 324 1006 rationis,
336 967 404 1000 sive
425 968 556 1001 virtutis
569 968 646 1010 Dei,
665 978 698 1001 et
716 969 825 1011 imago
846 968 1007 1001 bonitatis
1023 966 1124 1013 ejus.“
1158 966 1254 1010 Quae
1267 966 1301 1010 ⁶)

175 1038 253 1068 ergo
278 1028 333 1061 hic
356 1030 398 1062 de
422 1029 544 1074 De07)
569 1029 748 1073 definit:⁸)
781 1043 819 1062 ex
841 1030 978 1072 singulis
1003 1029 1189 1074 quibusque
1214 1037 1303 1062 certa

173 1088 252 1134 (57)
276 1092 485 1135 quaedam9)
517 1091 624 1125 inesse
653 1091 835 1136 sapientiae
859 1092 925 1125 Dei
949 1091 1116 1133 designat3
1140 1090 1302 1123 virtutem

172 1162 317 1196 namque
341 1153 409 1186 Dei
431 1153 603 1194 nominat,
633 1163 666 1186 et
696 1153 839 1196 gloriam
872 1162 905 1185 et
928 1153 1039 1185 lucem
1063 1161 1244 1193 aeternam,
1271 1161 1304 1185 et

173 1210 445 1257 inoperationem
472 1225 505 1248 et
529 1216 727 1249 honitatem.
761 1216 818 1249 Ait
841 1224 952 1248 autem
976 1213 1173 1259 sapientiam
1197 1227 1303 1260 vapo-

174 1286 246 1306 rem
271 1287 340 1308 esse
366 1289 435 1309 non
459 1277 585 1319 gloriae
616 1276 887 1322 Omnipotentis‚
925 1289 1036 1320 neque
1067 1286 1221 1309 aeternae
1251 1277 1302 1309 lu-

175 1334 234 1375 cis,
250 1336 303 1381 ¹⁰)
327 1350 389 1370 nec
412 1338 654 1383 inoperationis
670 1338 788 1377 Patris,
812 1350 873 1369 nec
895 1336 1055 1369 bonitatis
1078 1337 1165 1384 ejus;
1191 1350 1301 1384 neque

174 1397 264 1430 enim
289 1400 490 1433 conveniens
515 1410 584 1433 erat
599 1402 605 1419 ¹
621 1401 652 1444 ¹)
683 1399 784 1432 alicui
806 1398 927 1430 horum
953 1397 1098 1431 adscribi
1122 1413 1301 1444 vaporem:

173 1459 232 1491 sed
257 1473 332 1493 cum
357 1462 450 1494 omni
474 1462 682 1507 proprietate
714 1461 759 1493 ait
789 1459 918 1493 virtutis
951 1459 1017 1491 Dei
1049 1472 1206 1504 vaporem
1233 1475 1300 1495 esse

270 1599 300 1643 ¹)
325 1600 395 1635 Cfr.
428 1601 550 1636 Euseb.
582 1602 656 1635 hist.
702 1601 818 1634 eccles.
852 1600 908 1633 lib.
934 1600 957 1632 l.
1000 1612 1071 1644 cap.
1098 1600 1148 1634 12.
1181 1602 1296 1634 verba:

174 1645 250 1683 πῶς
275 1647 491 1692 ἐσμίκρυνεν
516 1648 551 1692 (ὁ
579 1646 749 1692 Χριστὸς)
774 1646 883 1680 αὐτοῦ
908 1645 972 1689 τὴν
996 1644 1157 1689 θεὸιηια.

262 1701 297 1745 ²)
319 1702 379 1736 Ev.
403 1703 525 1737 Joann.
547 1704 642 1745 XIV,
665 1703 696 1738 9.

263 1758 298 1801 ³)
322 1758 383 1791 Ev.
407 1760 529 1792 Joann.
561 1760 606 1799 X,
644 1760 698 1794 30.
722 1779 765 1784 ——
799 1759 887 1791 Edd.
924 1758 972 1791 M.
1010 1758 1131 1800 „Pater
1167 1767 1201 1791 et
1235 1771 1296 1802 ego

170 1814 274 1834 unum
297 1807 443 1838 sumus.“
584 1805 618 1849 ¹²)
643 1805 704 1838 Ev.
726 1804 847 1836 Joann.
871 1804 914 1843 X,
938 1803 991 1838 38.

265 1860 299 1904 ⁵)
325 1859 394 1893 Cfr.
419 1860 499 1903 Sap.
524 1859 591 1893 Sal.
617 1861 690 1901 VH,
715 1859 768 1894 25.
793 1859 846 1894 26.
874 1880 914 1885 -—-
947 1859 1002 1893 Sic
1027 1860 1106 1893 Mss.
1135 1859 1223 1893 Alias
1249 1859 1296 1904 (V.

173 1916 199 1936 c,
224 1903 258 1936 in
283 1905 359 1937 edd.
383 1905 449 1949 M.)
475 1917 603 1949 „vapor
627 1915 675 1937 est
699 1905 866 1949 quidem.“
893 1905 933 1938 R.

266 1961 299 2005 6)
323 1961 459 1994 Januar.
486 1961 667 2005 „Quinque
693 1974 770 2003 ergo
795 1961 875 1993 haec
901 1961 962 1993 de“
989 1970 1052 1995 etc.

261 2017 295 2061 ⁷)
319 2017 406 2049 Edd.
431 2018 478 2050 M.
505 2022 600 2059 „eo.“

260 2073 297 2116 Β)
321 2073 455 2107 Januar.
477 2073 692 2115 „definiens,“
720 2073 770 2106 ed.
797 2073 844 2105 M.
871 2074 896 2105 l.
924 2072 1099 2115 ‚,diffinit.“

259 2128 292 2173 Β)
316 2129 379 2163 Ed.
404 2130 451 2162 M.
481 2131 500 2163 Ι.
531 2130 721 2174 „quidem.“

242 2184 296 2229 ¹⁰)
318 2185 404 2220 Edd.
429 2187 478 2219 M.
505 2185 621 2227 „lucis,
647 2198 762 2217 verum
786 2188 870 2218 nec“
896 2194 960 2221 etc.

246 2241 298 2285 ¹¹)
324 2241 380 2275 Sic
406 2241 484 2275 Mss.
521 2242 606 2274 Alias
640 2242 686 2286 (V.
713 2255 740 2275 e.
766 2241 800 2274 in
825 2242 899 2275 edd.
924 2242 991 2286 M.)
1027 2249 1118 2283 „erat
1147 2239 1294 2286 aliquem

170 2286 292 2364 horu?
321 2287 462 2320 adscribi
493 2300 670 2331 vaporem,
700 2287 757 2320 sed
786 2296 857 2319 tum
892 2300 967 2320 cum
997 2287 1204 2331 proprietate
1228 2285 1294 2319 ait“

171 2340 233 2364 etc.
291 2358 296 2364 .
