1404 2463
420 137 465 160 DE
492 127 689 161 ancmus
715 128 788 160 Lm.
815 127 870 160 IV.
1151 123 1214 159 511

85 215 146 251 ἀπ’
181 215 306 251 αὐτοῦ.
355 217 428 251 Καὶ
459 219 496 250 τί
523 217 582 251 δεῖ
609 218 721 251 πλείω
754 219 891 262 λέγειν,
931 219 1004 249 τῶν
1036 213 1087 259 μὴ
1117 212 1217 248 πάνυ

86 277 256 322 ιἰμβλέων
290 282 404 323 μυρία
439 277 506 313 ὅσα
533 279 684 312 τοιαῦτα
725 278 942 323 δυναμένων
977 279 1214 321 συναγαγεῖν,

85 342 324 385 γεγραμμένα
349 340 418 384 μὲν
443 338 491 378 ὠς
514 337 710 385 γεγονότα,
743 339 783 374 οὐ
810 341 1037 385 γεγενημένα
1061 338 1101 372 δὲ
1124 335 1214 371 κατὰ

84 399 150 443 τὴν
174 403 287 443 legem,-
309 400 414 435 ’Λλλά
439 403 500 435 καὶ
524 399 566 435 τὰ
591 399 786 445 εὐαγγέλια
811 402 851 436 δὲ
874 403 938 436 τοῦ
964 400 1074 434 αὐτοῦ
1099 400 1218 436 εἴδους

83 465 157 496 τῶν
180 460 301 507 λόγων
325 461 578 507 πεπλήρωται·
603 464 653 501 εἷς
678 460 866 506 ὑψηλὸνΙ)
893 459 975 506 ὅρος
999 460 1218 503 τόνἸησοῦν

84 522 366 568 ἀναβιβάζοντος
405 526 469 559 τοῦ
508 521 701 567 διαβόλου,
736 523 783 558 ‘lv’
816 524 959 559 ἐκεῖθεν
990 521 1087 566 αὐτῷ
1119 522 1217 568 δείξῃ

82 586 147 619 τοῦ
178 583 316 623 παντὸς
347 582 489 631 κόσμου
515 584 577 624 τὰς
598 587 799 628 βασιλείας,
833 587 895 619 καὶ
918 583 985 627 τήν
1010 582 1122 623 δόξαν
1147 582 1216 616 αὐ-

82 648 165 681 τῶν.
202 650 264 686 Τίς
287 646 358 691 γὰρ
386 641 453 682 οὐκ
474 644 524 681 ἄν
549 648 624 681 τῶν
646 645 697 691 μὴ
723 649 913 692 παρέργως
937 642 1216 690 ἀναγινωσκόν-

81 720 155 742 των
185 707 228 742 τὰ
258 709 426 751 τοιαῦτα,
466 707 731 752 καταγινώσκοι
763 710 836 741 τῶν
869 709 1051 753 οῗομένων
1081 708 1130 752 τῷ
1155 708 1216 749 τῆς

82 768 215 815 σαρκὸς
245 768 451 815 ὀφθαλμῷ,
484 769 650 812 δεηθέντι
682 766 800 813 ὕψους
829 767 922 814 ὑπὲρ
945 769 1009 802 τοῦ
1033 780 1217 811 κατανοη-

80 832 193 874 θῆναι
218 828 404 865 δύνασθαι
428 829 471 864 τὰ
497 833 704 876 κατωτέρω,
731 832 792 864 καὶ
816 828 1059 874 ὑποκείμενα,
1093 829 1215 873 ἑωρᾶ-

80 895 169 925 σθαι
193 890 259 934 τὴν
282 893 456 936 Περσῶν,
483 893 545 925 καὶ
568 893 742 936 Σκυθῶν,
768 893 829 924 καὶ
850 890 995 934 Ἰνδῶν,
1022 892 1083 924 καὶ
1107 894 1215 934 Παρ-

79 954 223 986 θυαίων
245 955 454 997 βασιλείαν,
486 954 548 987 καὶ
572 951 619 991 ὠς
643 951 856 993 δοξάζονται
878 950 980 996 παρὰ
1004 949 1216 997 ἀνθρώποις

81 1015 117 1048 οἱ
151 1012 420 1057 βασιλεύοντεςς
467 1015 738 1060 Παραπλησίως
775 1014 816 1048 δὲ
852 1011 992 1052 τούτοις
1029 1015 1090 1047 καὶ
1122 1009 1214 1046 ἄλλα

78 1078 195 1120 μυρία
229 1075 305 1110 ἀπὸ
331 1078 405 1110 τῶν
430 1075 653 1121 εὐαγγελίων
676 1076 792 1111 ἔνεστι
815 1073 880 1109 τὸν
903 1074 1126 1118 ἀκριβοῦντα
1150 1087 1214 1116 τη-

79 1139 204 1182 ρῆσαι,
245 1135 338 1181 ὑπὲρ
361 1139 426 1171 τοῦ
451 1139 748 1182 συγκαταθέσθαι
773 1135 1114 1182 συνυφαίνεσθαιῗ)
1138 1139 1215 1174 ταῖς

78 1196 170 1234 κατὰ
195 1197 235 1233 τὸ
261 1198 359 1243 (176)
385 1197 494 1242 ῥητὸν
518 1199 777 1244 γεγενημέναις
807 1200 1000 1244 ἱστορίαις,
1037 1196 1138 1241 ἕτερα
1162 1195 1214 1241 μὴ

80 1258 345 1306 συμβεβηκότα.

168 1321 221 1356 17.
267 1319 355 1355 Ἐὰν
381 1320 420 1355 δὲ
445 1322 505 1355 καὶ
530 1321 590 1355 ἐπὶ
615 1319 681 1364 τὴν
706 1322 932 1364 νομοθεσίαν
955 1319 1124 1361 ἔλθωμεν
1147 1317 1214 1364 τὴν

77 1385 262 1426 Μωσέως,
297 1384 427 1417 πολλοὶ
459 1384 531 1417 τῶν
555 1381 701 1427 νόμων,
733 1382 829 1426 τῷ3)
856 1379 944 1416 ὅσον
967 1381 1026 1416 ἐπὶ
1051 1382 1100 1425 τῷ
1126 1380 1209 1415 καθ’

76 1443 228 1483 ἑαυτοὺς
258 1447 464 1489 τηρεῖσθαι,
503 1442 543 1478 τὸ
569 1440 707 1487 ι’ἒλογον
732 1444 997 1488 ἐμφαίνουσιν,
1033 1442 1147 1488 ἕτεροι
1171 1442 1213 1477 δὲ

77 1505 117 1541 τὸ
143 1504 340 1540 ἀδύνατον.
381 1504 430 1540 Τὸ
456 1505 527 1550 μὲν
552 1502 701 1550 ἄλογον,
727 1503 885 1549 γῦπες4)
904 1504 1091 1539 ἐσθίεσθαι
1110 1503 1211 1538 ἀπα-

75 1565 328 1613 γορευόμενοι,
355 1566 503 1605 οὐδενὸς
528 1565 613 1600 οὐδὲ
637 1567 677 1601 ἐν
701 1570 775 1604 τοῖς
796 1569 981 1611 μεγίστοις
1004 1567 1124 1612 λιμοῖς
1149 1564 1212 1599 ἔκ-

74 1631 291 1673 βιασθέντος
315 1626 386 1662 ὑπὸ
411 1629 471 1670 τῆς
495 1627 637 1666 ἐνδείας
661 1627 722 1662 ἐπὶ
748 1629 852 1662 τοῦτο
877 1625 916 1661 τὸ
935 1628 1026 1667 ζῶον
1043 1624 1209 1672 φθάσαι·

75 1692 139 1725 καὶ
171 1688 378 1735 ὀκταήμερα
415 1689 545 1723 παιδία
579 1688 804 1734 ἀπερίτμητα
834 1686 1137 1734 ἐξολοθρεύεσθαι
1170 1687 1211 1722 ἐκ

75 1754 140 1787 τοῦ
165 1754 294 1797 γένους
319 1750 439 1785 αὐτῶν
462 1748 704 1796 κελευόμενα·
738 1751 843 1794 δέον,
870 1753 901 1786 εἰ
927 1748 1018 1789 ὅλως
1042 1748 1153 1796 ἐχρῆν
1176 1761 1210 1782 τι

74 1909 179 1931 ωπον
203 1897 315 1940 θεοῦ,
351 1907 411 1927 και
438 1891 476 1927 τὸ
503 1893 721 1944 ἑξέρχεσθαί
752 1907 833 1928 τινα
864 1893 924 1928 αἵτ’
959 1892 1084 1928 αὐτοῦ.
1131 1893 1207 1925 Jam

74 1941 187 1974 Tarin.
212 1953 313 1979 vero,
343 1938 396 1971 cui
421 1939 554 1970 Ruaeus
578 1938 820 1983 adstipulatur,
852 1938 886 1971 in
909 1939 1019 1971 notis:
1062 1939 1209 1980 „Legen-

74 1987 171 2018 dum:
196 1988 321 2028 ζητειν,
348 1988 383 2018 τί
404 1983 608 2028 πρόσωπον
631 1986 734 2028 θεοῦ,
759 1987 822 2019 καὶ
846 1984 933 2023 τίὲξ
937 1987 1110 2029 ερχεσθαί
1125 1996 1205 2018 τινα

74 2031 134 2065 ἀπ
161 2042 307 2064 αυῘΟΠ.((

169 2083 582 2130 ¹)csr.Mauh.1v,8

164 2141 199 2185 ²)
224 2140 361 2172 Deest
352 2153 386 2172 m
410 2139 523 2184 primo
550 2139 637 2173 Cod.
661 2139 743 2181 Reg.
769 2142 1077 2191 συνυφαίνεσθαι.
1103 2140 1144 2173 R.
1165 2160 1205 2166 —

73 2186 186 2219 Tarin.
211 2186 244 2218 in
269 2185 378 2218 notis:
405 2186 533 2226 „Forte
558 2183 672 2217 deficit
696 2184 893 2229 particulaf‘

164 2242 198 2286 ³)
224 2241 281 2274 Sic
305 2241 386 2275 Mss.
411 2241 524 2274 Tarin.
550 2241 683 2285 (itemq.
708 2240 850 2285 Spenc)
875 2241 950 2275 τῶν
974 2237 1074 2276 όσον.
1099 2240 1140 2273 R.

164 2297 199 2341 ⁴)
224 2297 294 2331 Cfr.
320 2296 425 2330 Levit.
449 2297 510 2337 ΧΙ,
535 2297 588 2331 14.
