1404 2463
438 482 871 519 ORIGENIS

290 581 551 637 ΠΕΡΙ
614 581 1009 630 ΑΡΧΩΝ,

594 688 705 719 ldest

417 782 494 819 DE
532 781 881 819 PRINCIPIIS

358 882 583 924 LIBER
649 884 938 926 PRIMUS.

517 1063 792 1097 PRAEFATIO.

95 1151 124 1185 1.
162 1152 237 1195 (47)
278 1132 422 1185 ()πιηο5
439 1154 469 1197 ¹)
494 1156 550 1198 qui
576 1155 771 1198 creduntnet
795 1154 876 1185 certi
900 1163 990 1192 sunt,
1014 1154 1105 1197 quod
1131 1155 1207 1197 01²)

91 1215 192 1257 gratia
218 1224 250 1247 ct
274 1214 392 1247 veritas
423 1228 483 1259 per
514 1217 629 1248 Jesum
659 1216 826 1249 Christum
858 1217 943 1248 facta
966 1215 1025 1254 sit,
1056 1225 1089 1247 et
1114 1215 1209 1248 Chri-

90 1287 179 1309 stum
203 1277 375 1309 veritatem
389 1277 422 1320 ³)
449 1289 517 1309 esse
543 1286 676 1317 norunt,
700 1277 885 1309 secundum
910 1278 1002 1321 qnod
1021 1276 1091 1321 ipse
1106 1276 1207 1309 dixit:

94 1338 184 1380 »Ego
197 1339 230 1382 4)
253 1352 326 1371 sum
352 1339 489 1370 veritas:
520 1338 709 1377 scientiam,
745 1350 828 1382 quae
862 1347 1026 1382 provocat
1056 1337 1207 1370 homines

90 1401 131 1432 ad
154 1401 240 1432 bene
264 1400 426 1444 beateque
451 1399 647 1440 vivendum,
683 1412 751 1431 non
783 1399 916 1431 aliunde
942 1412 1040 1444 quam
1064 1400 1105 1431 ab
1129 1398 1208 1443 ipsis

91 1460 199 1493 verbis
225 1460 347 1494 Christi
372 1461 590 1505 doctrinaque
614 1460 805 1505 susciI'Jiunt.
855 1461 976 1494 Christi
1001 1470 1111 1492 autem
1135 1473 1207 1493 ver-

89 1522 140 1555 bis
163 1522 320 1562 dicimus,
344 1535 412 1554 non
435 1522 486 1555 his
510 1523 637 1562 solum,
673 1535 756 1567 quae
779 1522 881 1554 homo
906 1524 1029 1562 factus,
1053 1531 1150 1566 atque
1174 1522 1207 1553 iu

89 1597 185 1616 carne
210 1584 337 1628 positus
364 1584 496 1616 docuit:
530 1593 561 1616 et
584 1584 675 1629 prius
699 1597 841 1629 namque
875 1583 1025 1617 Christus
1048 1583 1116 1616 Dei
1140 1596 1210 1615 ver-

89 1646 170 1678 bum
193 1644 227 1677 in
250 1645 348 1678 Mose
372 1655 470 1690 atque
494 1645 668 1690 prophetis
688 1656 766 1679 erat.
814 1647 898 1678 Nam
923 1645 992 1678 sine
1019 1645 1121 1677 verbo
1138 1645 1205 1677 Dei

186 1789 218 1832 ¹)
241 1789 370 1823 Graece
394 1789 559 1822 librorum
589 1794 672 1835 περὶ
696 1792 817 1836 ἀρχῶν
839 1790 972 1823 initium
998 1800 1099 1824 exstat
1122 1792 1211 1835 apud

90 1833 211 1867 Euseb.
237 1844 350 1867 contra
373 1835 574 1867 Marcellum
598 1835 768 1882 Ancyram(
785 1836 843 1870 lib.
862 1837 886 1869 I.
911 1849 980 1880 cap.
998 1836 1028 1870 4.
1054 1837 1122 1881 (ed.
1143 1837 1210 1868 Co-

92 1879 162 1912 lon.
186 1877 281 1914 1688.
304 1892 377 1924 pag.
389 1879 461 1924 23.)
485 1880 570 1912 Vide
595 1881 770 1915 Admonit.
795 1881 899 1914 Ruaei
922 1894 1013 1914 num.
1028 1880 1060 1915 2.
1098 1881 1208 1913 Verba

91 1935 206 1965 graeca
228 1923 309 1957 haec
339 1934 431 1957 sunt:
463 1927 508 1960 Οἱ
536 1925 808 1965 πεπιστευκότες
838 1930 900 1961 καὶ
931 1929 1211 1972 πεπιστευμένοι

92 1968 158 2011 τὴν
176 1966 287 2013 χάριν
320 1973 381 2003 καὶ
410 1968 476 2012 τὴν
508 1969 682 2017 ὄίλήθειαν
705 1971 749 2007 δι’
771 1971 887 2016 Ἰησοῦ
914 1974 1074 2017 Χριστοῦ
1098 1985 1209 2017 γεγο-

92 2016 205 2053 νέναι,
229 2017 290 2047 καὶ
313 2014 472 2059 Χριστὸν
501 2019 593 2050 εἰναι
624 2016 688 2059 τὴν
712 2017 908 2060 ἀλήθειαν,
933 2017 1023 2051 κατὰ
1047 2017 1086 2052 τὸ
1111 2020 1209 2061 εἰρη-

91 2061 205 2102 μένον
228 2057 284 2094 ὑπ’
312 2059 443 2093 αὐτοῦ·
482 2060 572 2105 »ἐγώ
608 2065 679 2106 εἰμι
716 2062 733 2106 ἡ
770 2062 950 2107 cuffiam«
985 2082 1023 2087 —·
1062 2063 1128 2096 Cfr.
1157 2063 1206 2095 ed.

91 2104 339 2149 Redepenning.
363 2117 436 2148 pag.
449 2105 480 2139 3.

181 2160 215 2205 ²)
240 2160 342 2192 Deest
368 2169 440 2200 »et«
464 2160 500 2192 in
523 2161 598 2194 edd.
624 2163 768 2197 Merlini.

184 2214 218 2259 3)
242 2215 302 2249 Ed.
328 2216 375 2249 M.
401 2216 427 2251 Ι.
454 2229 542 2249 »esse
567 2219 737 2253 veritatem
760 2230 953 2253 noverunt.«

184 2270 218 2315 ⁴²)
241 2271 298 2304 Ev.
322 2272 442 2306 Joann.
466 2272 556 2312 XIV,
580 2272 609 2307 6.
