1404 2463
203 103 268 138 320
683 101 860 134 Omessms

204 203 275 231 tur,
307 191 403 235 vel¹)
438 191 619 224 domorum
653 191 786 230 ruinae,
822 192 854 223 in
880 191 1000 235 quibus
1027 191 1092 224 cari
1119 192 1242 236 quique
1269 204 1332 235 op-

204 253 402 299 primantur,
427 253 600 286 eveniunt:
624 253 657 285 in
683 253 802 297 quibus
827 253 981 285 omnibus
1004 254 1229 298 unusquisque
1251 253 1331 285 flde-

206 317 285 349 lium
317 316 429 347 dicere
462 315 580 354 debet,
617 314 692 359 quia
706 315 738 358 ²)
774 328 862 355 „non
894 314 1031 348 haberes
1066 317 1240 348 adversum
1276 328 1329 347 me

203 387 422 423 potestatem,
453 376 515 409 nisi
549 386 634 409 esset
663 377 736 409 data
762 376 823 409 tibi
850 377 1022 421 desuper.«
1073 377 1158 409 Vide
1172 377 1204 421 ³)
1231 376 1330 415 enim,

204 440 279 484 quia
292 440 325 483 ⁴)
357 452 423 471 non
458 438 630 470 cecidisset
661 439 780 470 domus
806 439 873 470 Job
897 447 997 482 supra
1021 439 1109 472 filios
1143 439 1231 483 ejus,
1267 438 1330 471 nisi

203 502 294 546 prius
319 501 474 533 adversus
500 513 557 532 eos
582 500 736 532 diabolus
760 501 942 545 accepisset
966 509 1186 544 potestatem;
1221 513 1329 544 neque

204 563 332 607 equites
356 561 457 594 ternis
483 561 656 594 ordinibus
681 562 872 601 irruissent,
896 571 934 594 ut
958 563 1158 606 raperent⁵)
1184 562 1330 595 camelos

204 626 291 670 ejus,
322 625 373 656 vel
398 624 518 663 boves,
550 634 722 669 ceteraque
747 623 918 664 animalia,
956 624 1020 656 nisi
1051 623 1198 656 instincti
1221 625 1262 656 ab
1287 637 1329 656 eo

203 687 333 731 spiritu,
359 686 413 718 cui
439 699 474 718 se
498 685 668 718 ministros
693 698 730 717 ex
754 685 922 730 propositi
948 685 997 717 sui
1023 685 1215 718 obedientia
1238 698 1330 718 man-

203 749 402 792 cipaverant.
458 747 525 780 Sed
555 760 617 780 nec
651 747 710 779 ille
742 748 895 791 quidem,
935 747 992 792 qui
1028 747 1205 780 videbatur
1235 748 1330 790 ignis,

203 810 255 842 vel
289 809 381 854 quod
412 818 565 852 putatum
599 818 646 840 est
678 808 824 850 fulmen,
862 809 1081 854 cecidisset⁶)
1115 823 1216 854 super
1249 822 1330 842 oves

201 873 289 910 Job,
323 880 500 913 antequam
533 870 688 902 diabolus
713 870 838 903 diceret
861 871 900 903 ad
916 872 947 914 7)
972 871 1100 903 Deum:
1141 873 1282 912 „Nonne
1295 870 1329 914 8)

204 944 239 965 tu
280 932 495 965 communisti
525 932 654 971 omnia,
695 945 778 976 quae
810 932 892 964 foris
926 941 1018 971 sunt,
1057 942 1090 965 et
1125 946 1209 977 quae
1242 933 1330 965 imus

202 1004 295 1034 sunt,
331 1003 364 1026 et
397 993 466 1037 ejus
498 993 651 1037 reliqua?
689 994 758 1026 Sed
788 1007 875 1026 nunc
903 994 1045 1026 immitte
1069 1008 1202 1027 manum
1227 1004 1329 1034 tuam,

202 1068 235 1090 et
267 1057 421 1097 continge
454 1055 566 1087 omnia
598 1068 682 1099 quae
707 1055 825 1094 habet,
863 1055 924 1088 nisi
950 1056 983 1088 in
1008 1056 1126 1089 faciem
1151 1057 1329 1090 benedixe-

202 1120 246 1152 rit
269 1118 362 1151 tibi.“
1237 1163 1239 1165 Ι

291 1181 321 1215 7.
361 1180 410 1212 Ex
436 1179 557 1224 quibus
582 1179 740 1211 omnibus
764 1179 849 1212 illud
875 1179 1072 1220 ostenditur,
1097 1180 1189 1225 quod
1214 1179 1327 1213 omnia

203 1244 302 1283 haec,
339 1254 423 1286 quae
458 1242 544 1274 fiunt
567 1241 602 1274 in
627 1242 691 1274 hoc
715 1243 862 1281 mundo,
897 1255 981 1286 quae
1006 1241 1115 1274 media
1140 1241 1328 1274 existiman-

202 1306 312 1349 tur‚⁹)
336 1304 405 1337 sive
430 1303 488 1336 illa
513 1303 620 1336 tristia
644 1303 719 1342 sint,
742 1303 878 1348 sive¹⁰)
897 1305 1141 1348 quoquomodo
1158 1304 1233 1344 sint,
1257 1317 1325 1336 non

202 1367 336 1411 quidem
362 1379 379 1398 a
403 1366 480 1397 Deo
504 1365 607 1403 fiunt,
632 1378 693 1397 nec
717 1374 828 1397 tamen
853 1366 922 1398 sine
945 1366 1038 1406 De0;
1064 1367 1144 1398 dum
1169 1367 1327 1408 malignas

202 1438 234 1461 et
265 1427 445 1460 contrarias
476 1426 613 1458 virtutes
644 1426 722 1458 talia
760 1427 912 1460 volentes
950 1428 1082 1471 operari
1113 1441 1181 1461 non
1215 1429 1326 1461 solum

202 1504 270 1522 non
294 1489 454 1533 prohibet
476 1489 580 1528 Deus,
605 1489 662 1520 sed
689 1498 721 1520 et
745 1489 910 1532 permittit
934 1490 1042 1522 facere
1067 1490 1158 1529 haec,
1181 1491 1238 1522 sed
1256 1503 1326 1523 cer-

201 1552 242 1584 tis
274 1551 462 1596 quibusque
492 1550 701 1595 temporibus
737 1559 770 1582 et
802 1551 969 1594 personis:
1007 1551 1093 1584 sicut
1124 1561 1157 1584 et
1186 1552 1218 1584 in
1250 1553 1324 1597 ipso

199 1614 268 1646 Job
293 1613 426 1652 dicitur,
450 1612 527 1657 quia
544 1613 550 1630 ¹
565 1612 596 1654 ¹)
620 1611 659 1643 ad
685 1620 813 1644 certum
837 1622 970 1657 tempus
995 1623 1125 1657 paratus
1143 1623 1191 1646 est
1208 1615 1326 1647 cadere

295 1764 324 1808 ¹)
351 1763 407 1797 Sic
430 1763 512 1796 Mss.
538 1762 629 1794 Libri
654 1762 734 1794 editi
765 1762 809 1806 (V.
837 1775 863 1795 c.
889 1763 964 1796 edd.
991 1763 1056 1815 Μ.)
1090 1765 1165 1805 „vel
1195 1765 1325 1805 domus,

200 1811 233 1843 in
249 1810 369 1855 quibus
383 1821 448 1841 can
463 1807 587 1852 quique
601 1816 843 1852 opprimantur,
853 1817 996 1840 ruerint
1013 1808 1047 1841 in
1062 1810 1202 1854 quibus“
1214 1820 1275 1843 etc.
1285 1811 1324 1844 R.

291 1868 326 1910 ²)
351 1866 413 1899 Ed.
439 1866 486 1898 M.
513 1866 554 1897 ll.
580 1865 725 1909 ‚,quod.“
752 1885 794 1888 —
818 1864 876 1896 Ev.
901 1865 1021 1896 Joann.
1045 1865 1140 1904 XIX,
1167 1866 1217 1900 11.

291 1923 325 1967 ³)
352 1923 408 1956 Sic
425 1923 504 1955 Mss.
523 1921 617 1953 Alias
634 1922 680 1965 (V.
701 1934 727 1953 c.
745 1920 778 1953 in
797 1921 871 1952 edd.
887 1921 952 1963 M.)
969 1920 1069 1961 „Vidi
1088 1921 1197 1954 enim“
1212 1931 1274 1956 etc.
1283 1923 1323 1955 R.

290 1979 323 2022 ⁴²)
347 1979 410 2010 Ed.
435 1979 483 2011 M.
507 1979 548 2012 II.
575 1978 722 2021 „quod.“
816 1977 849 2021 ἐ’)
873 1977 960 2010 Edd.
984 1977 1032 2009 M.
1058 1982 1267 2022 „caperent.“

290 2035 323 2077 ⁶)
348 2034 409 2066 Ed.
436 2035 483 2068 M.
509 2035 534 2066 l.
559 2034 663 2066 male:
698 2032 909 2074 „cecidisse.“

291 2092 324 2133 ⁷)
348 2090 410 2123 Ed.
435 2091 483 2123 ὟΙ.
510 2090 535 2122 Ι.
562 2091 625 2131 „ad
651 2092 759 2121 eum“
854 2089 889 2134 8)
914 2089 983 2126 Cfr
1006 2090 1292 2131 Job.1‚10.11

292 2147 326 2189 ⁹)
350 2145 413 2178 Ed.
438 2146 485 2178 M.
510 2147 537 2179 I.
564 2145 830 2186 „aestimantur.“
858 2166 898 2170 —
923 2145 994 2179 Cfr.
1019 2146 1070 2178 ed.
1095 2147 1223 2190 Redep.
1248 2159 1321 2191 pag.

200 2191 275 2226 287.
301 2200 370 2223 not.
395 2190 446 2224 26

274 2247 326 2290 ¹⁰)
354 2247 399 2278 ita
425 2246 504 2279 Mss.
533 2247 622 2278 Alias
653 2248 699 2289 (v,
726 2259 751 2278 c.
777 2246 810 2278 in
836 2247 911 2280 edd.
936 2247 1002 2290 M.)
1028 2247 1116 2288 „sive
1143 2248 1320 2280 commoda

201 2293 297 2325 sint.“
325 2293 362 2325 R.
473 2293 524 2333 ¹¹)
550 2292 609 2324 Ed.
638 2293 684 2324 Μ.
713 2293 751 2323 ΙΙ.
780 2293 924 2335 „qu0d.“
