1404 2463
202 52 266 87 132
675 54 851 87 Omeizms

202 156 274 175 sum
300 142 449 181 veniant,
473 152 510 175 ut
533 154 668 176 naturae
692 143 920 184 rationabilis,
936 146 966 188 ³)
991 156 1028 175 ac
1053 144 1220 185 dignitatis
1245 146 1330 178 obli-

202 214 272 244 tae,
298 205 397 237 etiam
423 204 456 237 in
481 206 635 238 ordinem
658 205 940 238 irrationabilium
965 205 1248 249 animantium‚‘-'‹)
1274 209 1326 240 vel

202 266 401 305 bestiarum,
434 267 486 299 vel
512 268 680 312 pecudum
712 267 951 300 devolvantur:
986 280 1048 311 pro
1082 267 1202 311 quibus
1227 268 1326 302 etiam

204 329 360 372 quasdam
395 342 433 360 ex
465 329 647 373 Scripturis
673 329 916 362 commentitias
942 329 1063 360 afferre
1088 330 1328 364 adstructioues

204 390 333 429 solent,
360 390 392 422 id
420 400 485 430 est,
513 391 603 434 quod
629 391 683 422 vel
706 404 826 435 pecus,
852 391 903 422 cui
929 403 962 422 se
987 390 1111 422 mulier
1134 401 1248 424 contra
1273 406 1328 424 na-

203 461 311 483 turam
336 451 535 496 subjecerit,
560 453 592 484 in
617 461 745 484 reatum
770 452 895 496 pariter
920 465 994 483 cum
1019 452 1161 484 muliere
1187 448 1328 486 devoce-

202 522 275 553 tur,
291 514 323 558 ³)
350 527 386 546 ac
412 513 550 558 lapidari
576 514 701 558 pariter
726 513 897 558 jubeatur3
922 515 973 545 vel
998 514 1090 557 quod
1117 523 1229 547 taurus
1254 528 1328 548 cor-

203 587 325 619 nupeta
352 575 494 619 lapid-'iri
519 575 737 607 nihilominus
761 575 984 620 praecipitum
1008 576 1065 607 sed
1091 585 1123 607 et
1147 577 1239 620 quod
1264 577 1327 609 Ba-

205 637 289 668 laam
315 636 403 668 asina
430 649 466 668 os
492 636 561 680 ejus
580 637 655 669 Deo
681 637 850 681 aperiente
876 637 987 668 locuta
1012 645 1078 677 est,
1104 646 1136 669 et
1159 637 1329 683 subjugale

204 707 334 729 mutum
367 698 400 729 in
433 698 606 730 hominum
642 711 723 730 voce
761 699 967 742 respondens
1001 698 1107 740 arguit
1145 699 1328 743 prophetae

204 759 419 791 dementiam.
436 760 468 804 ⁴)
518 759 609 803 Quas
632 773 693 791 nos
718 773 786 791 non
811 760 921 791 solum
946 772 1013 790 non
1030 760 1246 804 suscipimus,
1271 762 1329 794 sed

206 831 237 853 et
274 834 388 853 omnes
425 823 481 854 has
518 821 713 854 assertiones
751 834 870 853 eorum
904 830 1017 853 contra
1052 821 1152 853 fldem
1183 831 1329 855 nostram

205 884 375 915 venientes
407 884 588 916 refutamus
625 893 723 927 atque
753 882 951 926 respuimus.
1001 884 1238 916 Verumtamen
1269 897 1330 916 suo

205 944 283 977 loco
310 954 342 977 et
363 954 536 990 tempore,
564 944 736 976 confutato
763 944 826 976 hoc
850 957 1009 988 perverso
1037 945 1191 987 dogmate
1215 955 1248 977 et
1274 947 1330 978 de-

204 1007 320 1051 pulso,
362 1009 443 1049 0:1⁵)
476 1020 559 1051 quae
591 1007 631 1038 de
664 1006 783 1038 sanctis
814 1006 996 1050 Scripturis
1028 1007 1068 1038 ab
1099 1006 1167 1039 illis
1201 1008 1331 1051 prolata

204 1078 297 1108 sunt,
322 1068 464 1114 qualiter
487 1067 629 1109 intelligi
653 1067 796 1100 debeant
823 1080 1036 1111 exponemus.

207 1234 251 1266 tia
283 1234 371 1267 dicta
402 1234 483 1274 sint,
517 1243 549 1266 et
580 1233 785 1279 abjiciantur.
834 1234 901 1266 Pro
929 1248 969 1267 eo
1003 1244 1112 1268 autem
1146 1237 1220 1269 solo
1247 1238 1331 1270 dicta

205 1289 300 1318 sunt,
326 1293 367 1312 ne
393 1280 544 1312 videatur
568 1279 716 1324 quaestio
742 1288 852 1320 mota,
878 1293 944 1312 non
971 1294 1039 1312 esse
1065 1282 1240 1315 discussa.“

301 1337 331 1376 ¹)
357 1336 442 1369 Edd.
470 1336 516 1368 Μ.
546 1335 769 1376 „rationalis.“

295 1394 327 1433 2)
352 1391 408 1424 Sic
433 1392 512 1424 Mss.
537 1391 627 1423 Alias
653 1393 699 1435 (v.
726 1404 752 1423 c.
777 1391 810 1423 in
838 1392 913 1423 edd.
934 1393 999 1433 M.)
1020 1393 1272 1433 ‚,animalium.“
1290 1396 1328 1427 R.

300 1448 332 1491 ³)
359 1447 415 1480 Sic
439 1448 520 1479 Mss.
553 1446 692 1490 (itemq.
727 1447 777 1479 ed.
803 1448 850 1480 M.
879 1448 918 1491 Ι.)
952 1449 1040 1480 Alias
1071 1451 1118 1493 (v,
1150 1463 1175 1482 c.
1208 1451 1240 1482 in
1277 1453 1328 1484 ed.

208 1492 255 1526 M.
283 1493 342 1535 ll.)
369 1493 602 1532 „devocatur.“
628 1493 670 1524 R.

296 1548 329 1590 ⁴)
357 1548 413 1580 Sic
438 1549 516 1581 mss.
556 1548 649 1580 Libri
681 1538 763 1579 editi
796 1550 842 1592 (v.
868 1562 896 1580 ε.
921 1549 997 1582 ead.
1024 1549 1091 1593 M.)
1120 1550 1326 1591 „inclemen-

206 1592 317 1626 tiam.“
344 1593 383 1625 R.

300 1649 331 1692 ᾖ)
357 1648 448 1681 Libri
474 1648 572 1681 editi:
600 1661 659 1689 „ea
683 1661 766 1692 quae
791 1649 832 1680 de
857 1649 975 1681 sanctis
993 1649 1176 1694 Scripturis
1199 1652 1240 1684 ab
1257 1652 1329 1685 aliis

206 1694 337 1737 prolata
360 1703 453 1733 sunt,
479 1698 716 1739 exponemus.“
753 1694 820 1727 Sed
841 1694 919 1726 Mss.
938 1703 973 1725 ut
991 1694 1024 1725 in
1041 1706 1157 1728 nostro
1176 1705 1275 1729 textu,
1290 1698 1329 1732 R.

208 1759 247 1763 —
272 1739 358 1772 Edd.
385 1740 432 1771 M.
460 1752 519 1780 „ea
550 1752 633 1784 quae
671 1740 712 1771 de
745 1739 863 1771 sanctis
894 1739 1066 1783 scripturis
1097 1751 1173 1774 sunt
1197 1743 1238 1774 ab
1263 1742 1328 1775 illis

206 1784 276 1826 (ed.
302 1784 349 1816 M.
376 1785 416 1816 ΙΙ.
442 1785 540 1829 aliis)
564 1786 694 1829 prolata
719 1788 952 1828 exponemus.“
