1404 2463
175 108 242 144 334
657 109 833 143 OmGENrs

179 200 265 232 diae.
314 199 426 243 Has¹)
461 211 539 241 ergo
571 207 658 240 tres,
693 199 792 244 (146)
824 212 903 244 quas
935 209 1034 244 supra
1071 199 1230 240 diximus,
1269 201 1310 232 de

176 262 288 294 anima
312 260 490 306 opiniones
515 273 532 293 a
556 260 728 294 nonnullis
754 261 869 294 haberi
895 261 1090 294 invenimus.

265 323 314 356 Ex
340 323 459 368 quibus
482 323 569 356 illud
593 323 738 362 interim,
764 323 855 367 quod
882 323 1080 367 quibusdam
1099 323 1307 356 Graecorum

175 385 389 430 philosophis
415 385 520 417 visum
539 384 692 425 diximus,
704 385 738 428 ²)
757 385 834 429 quia
849 385 880 428 3)
899 384 1065 429 tripartita
1078 384 1110 428 ⁴)
1129 384 1172 417 sit
1189 385 1308 423 anima,

175 460 244 479 non
276 447 374 479 valde
411 447 603 479 confirmari
643 460 680 480 ex
719 447 852 480 divinae
883 446 1077 490 Scripturae
1109 446 1308 479 auctoritate

175 509 358 553 pervideo:
383 509 424 541 ad
449 509 511 541 alia
540 522 619 541 vero
645 510 771 553 duo,⁵)
798 522 882 553 quae
906 508 1037 554 reliqua
1054 517 1140 549 sum,
1165 495 1309 542 inveniri

175 579 318 615 possunt
341 569 526 616 aliquanta,
563 583 647 616 quae
672 583 709 603 ex
735 570 854 603 divinis
878 570 984 603 literis
1008 570 1115 615 aptari
1138 579 1237 616 posse
1262 570 1310 602 vi-

174 634 325 666 deantur.

266 694 297 728 2.
343 694 393 726 Ex
433 694 555 739 quibus
587 694 698 739 primo
731 694 819 727 illud
853 694 1088 734 discutiamus,
1127 695 1220 739 quod
1251 695 1309 727 ad-

174 765 303 788 struere
337 755 448 788 solent
484 756 637 800 quidam,
679 757 755 801 quia
769 756 803 799 ⁶)
839 769 904 789 una
940 756 983 789 sit
1017 757 1106 788 bona
1141 755 1176 788 in
1211 755 1309 788 nobis

174 817 284 850 anima
308 827 341 850 et
365 817 532 858 coelestis,
557 817 620 850 alia
646 830 726 850 vero
751 818 894 850 inferior
912 827 944 850 et
958 817 1141 859 terrem-5⁵3
1165 827 1199 850 et
1215 818 1308 862 quod

175 892 210 912 ea
237 879 392 924 quidem,
417 892 504 923 quae
527 878 650 912 melior
675 889 739 918 est,
772 879 915 911 coelitus
938 878 1170 924 inseratur-J)
1202 879 1308 924 qualis

175 950 224 973 est
254 941 331 980 illa,
367 953 451 985 quae
485 950 517 973 et
540 942 648 974 Jacob
661 942 694 985 ³)
727 941 883 974 adversus
906 941 996 973 Esau
1019 941 1128 973 adhuc
1152 941 1185 974 in
1209 950 1308 973 utero

174 1002 288 1047 posito
313 1003 460 1047 palmam
485 1003 646 1035 victoriae
676 1003 881 1048 supplantati
911 1002 1077 1047 praestitit
1107 1003 1238 1042 fratris,
1276 1012 1309 1034 et

175 1077 261 1108 quae
285 1063 319 1095 in
346 1063 517 1096 Hieremia
529 1065 562 1108 9)
585 1064 812 1097 sanctificatur
835 1078 872 1097 ex
899 1065 1006 1105 vulva,
1032 1074 1065 1096 et
1081 1064 1211 1109 Spiritu
1235 1077 1309 1097 san-

175 1135 230 1158 cto
247 1126 300 1170 ¹⁰)
332 1126 486 1170 repletur
513 1139 552 1159 ex
573 1136 672 1159 utero
696 1127 730 1159 in
755 1127 896 1160 Joanne.
944 1126 1041 1159 lllam
1066 1139 1145 1160 vero
1170 1126 1309 1159 inferio-

174 1201 265 1227 rem,
298 1200 397 1232 quam
424 1187 556 1228 dicunt,
592 1201 630 1220 ex
657 1189 826 1233 corporali
852 1201 923 1221 eam
948 1188 1075 1221 semine
1099 1189 1197 1222 simul
1223 1201 1307 1221 asse-

173 1259 252 1282 runt
284 1262 360 1281 cum
393 1262 537 1294 corpore
568 1250 740 1290 seminari,
778 1252 938 1297 unde¹¹)
972 1261 1005 1284 et
1029 1259 1163 1295 praeter
1185 1263 1309 1295 corpus

174 1311 287 1343 vivere
312 1324 402 1349 eam,
425 1311 479 1343 vel
503 1313 683 1346 subsistere
708 1323 829 1355 negant
851 1326 966 1358 posse,
991 1321 1134 1358 propter
1157 1313 1251 1357 qnod
1276 1321 1310 1344 et

175 1386 309 1406 carnem
334 1386 407 1405 eam
432 1374 627 1418 frequenter
650 1375 813 1419 appellari
839 1376 966 1410 dicunt.
1000 1376 1104 1420 Quod
1122 1375 1211 1408 enim
1228 1374 1309 1408 scri-

175 1444 272 1479 ptum
298 1444 362 1467 est:
389 1435 500 1476 „Caro
517 1435 570 1479 ¹²)
597 1437 807 1481 concupiscit
831 1439 987 1470 adversus
1011 1437 1212 1482 spiritum:“
1237 1442 1306 1468 non

270 1582 301 1625 ¹)
326 1582 382 1615 Sic
407 1581 486 1614 Mss.
516 1582 604 1614 Alias
630 1584 673 1625 (v.
702 1596 729 1614 v.
755 1582 788 1615 in
815 1583 890 1616 edd.
916 1584 982 1627 Μ.)
1010 1583 1099 1623 „Has
1124 1594 1202 1625 ergo
1229 1594 1308 1626 quas

174 1626 394 1670 produximus
418 1636 485 1659 tres
511 1628 552 1659 de
576 1627 706 1660 anima“
735 1637 796 1660 etc.
822 1629 862 1662 R.

266 1683 300 1723 ²)
328 1683 415 1715 Edd.
440 1683 488 1715 M.
516 1683 712 1723 „dicimus.“
741 1704 780 1708 —
807 1684 876 1717 Cfr.
903 1685 954 1718 ed.
980 1684 1108 1728 Redep.
1133 1696 1206 1728 pag.
1230 1682 1306 1718 298.

172 1737 245 1759 not.
271 1728 323 1762 14.
463 1729 497 1773 ³)
522 1728 584 1761 Ed.
610 1729 659 1762 M.
685 1730 725 1761 ll.
753 1730 900 1774 „quod.“

266 1783 299 1826 ⁴)
325 1784 413 1817 Edd.
437 1784 486 1817 Μ.
514 1784 736 1829 „tripertitast

268 1839 300 1882 ⁵)
325 1839 431 1872 Deest
454 1839 488 1872 in
513 1850 608 1873 antea
633 1841 729 1874 editis
755 1842 802 1885 (v.
830 1854 858 1874 c.
885 1842 961 1875 edd.
980 1842 1059 1884 M.)‚
1082 1841 1142 1873 sed
1166 1840 1307 1873 habetur

173 1884 206 1916 in
231 1884 312 1918 Mss.
338 1886 462 1926 „duo.“
488 1886 528 1918 R.
669 1887 702 1931 6)
727 1887 789 1920 Ed.
816 1887 862 1918 M.
889 1887 930 1919 Π.
958 1887 1102 1931 »qu0d.«

267 1941 300 1984 ⁷)
325 1940 418 1973 Libri
444 1940 525 1974 editi
551 1941 595 1985 (V.
623 1956 648 1974 c.
675 1943 752 1977 edd.
779 1943 844 1984 M.)
871 1942 1088 1984 „inseratur.“
1115 1941 1152 1975 R.

266 1996 300 2040 ε)
327 1996 395 2029 Csr.
422 1997 544 2032 Genes.
568 1999 677 2041 XXV,
700 1999 754 2033 22.
778 2012 870 2043 seqq.
967 2001 1000 2042 ⁹)
1025 1999 1151 2032 Jerem.
1176 1998 1204 2040 I,
1226 1997 1257 2031 5.

248 2053 300 2095 ¹⁰)
325 2052 382 2086 Sic
406 2054 488 2086 Mss.
513 2053 606 2087 Alias
631 2056 677 2098 (v.
703 2068 730 2090 c.
756 2054 790 2087 in
816 2055 891 2087 edd.
916 2054 983 2098 Μ.)
1017 2063 1152 2096 „sancto
1183 2053 1303 2085 saneti-

171 2097 291 2128 ficalur
315 2110 352 2129 ex
377 2107 474 2131 utero
499 2099 533 2132 in
556 2100 698 2133 Joanne.
746 2100 840 2132 Illam
866 2112 946 2132 vero
970 2099 1178 2139 inferiorem,
1202 2111 1302 2143 quam

173 2155 209 2173 ex
235 2142 405 2186 corporali
429 2145 555 2177 semine
580 2145 682 2179 simul
706 2154 856 2178 asserunt
881 2148 978 2178 cum“
1005 2153 1067 2178 etc.
1091 2145 1131 2177 R.
1158 2164 1198 2169 —
1230 2142 1300 2176 Cfr.

171 2188 251 2219 Luc.
277 2187 303 2228 I,
326 2187 380 2220 41.
407 2189 486 2221 coll.
511 2189 566 2224 80.

245 2243 298 2286 ¹¹)
325 2244 393 2276 Cfr.
420 2246 470 2277 ed.
498 2245 626 2290 Redep.
651 2260 723 2290 pag.
749 2246 825 2281 299.
850 2255 919 2278 not.
947 2245 997 2279 11.

246 2300 298 2342 ¹²)
325 2299 399 2332 Gai.
427 2300 466 2340 v,
493 2301 542 2334 17.
