1404 2463
440 127 485 149 DE
513 117 710 151 Pamcmns
736 118 810 150 Lm.
840 118 895 151 lv,
1177 118 1242 154 477

102 212 176 236 tura
201 205 357 249 bonus')
383 214 442 246 est,
467 205 602 245 habere,
628 206 748 249 quibus
773 207 998 246 benefaceret,
1025 216 1057 239 et
1082 207 1139 252 qui
1159 208 1239 241 ade-

102 265 169 309 ptis
200 266 373 299 beneficiis
403 266 470 300 suis
501 268 724 308 laetarentur,
763 267 895 301 fecisset
921 268 1035 310 dignas
1061 278 1239 311 creaturas,

103 326 140 359 id
173 337 240 369 est,
271 329 402 372 quae2)
435 340 512 360 eum
544 327 642 369 digne
674 340 792 371 capere
829 339 987 373 possent,
1019 342 1103 374 quos
1129 339 1162 362 et
1185 342 1242 372 ge-

102 387 214 420 nuisse
243 401 277 420 se
289 389 325 432 ³)
360 389 449 422 filios
481 389 574 422 dicit.
621 388 719 420 Fecit
749 399 860 422 autem
894 390 1007 423 omnia
1038 390 1072 423 in
1096 404 1239 424 numero

104 457 138 480 et
167 461 333 482 mensura.
347 449 380 493 ⁴)
428 449 523 482 Nihil
555 448 644 482 euim
669 449 746 481 Deo
780 451 833 483 vel
867 450 937 483 sine
970 451 1054 491 fine,
1090 452 1144 484 vel
1168 452 1241 485 sine

102 512 258 542 mensura
287 510 394 553 est.⁵)
445 510 576 543 Virtute
615 510 703 542 enim
737 523 795 543 sua
826 512 939 544 omnia
971 513 1241 557 comprehendit,

103 569 182 614 et'⁶)
207 570 287 614 ipse
312 570 441 603 nullius
466 580 636 604 creaturae
661 583 759 604 sensu
786 573 1047 617 comprehensus
1073 583 1132 607 est.
1178 574 1241 608 Illa

200 715 232 757 ¹)
256 715 363 747 Deest
392 692 554 747 inantea
581 715 679 748 editis
705 716 749 761 (v.
778 729 805 749 c.
832 717 907 749 edd.
934 717 1018 759 M.),
1051 727 1083 749 at
1113 718 1241 769 reperi-

104 767 158 790 tur
180 758 214 791 in
240 759 396 792 omnibus
422 760 503 793 Mss.
531 761 693 801 „bonus.“
720 762 759 794 R.
855 763 888 805 ²)
914 762 1003 796 Edd.
1028 762 1076 795 M.
1103 766 1218 807 „qu1.“

198 815 233 859 3)
258 815 364 848 Deest
390 819 467 856 „se“
493 816 527 848 in
554 817 628 848 edd.
655 817 704 849 M.
731 835 772 841 —
800 816 870 850 Cfr.
895 817 997 851 sesai.
1022 818 1049 857 I,
1073 817 1105 850 2.

195 869 232 912 ⁴)
257 871 335 902 Non
362 871 451 902 male
482 871 548 903 huc
581 871 702 903 referri
731 884 831 914 posse
859 872 994 904 videtur
1017 873 1242 913 fragmentum

103 927 270 956 graecum,
295 914 329 946 in
354 915 406 947 ed.
434 916 539 947 Ruaei
563 917 684 948 frustra
709 916 946 956 desideratum,
971 917 1005 948 in
1031 918 1084 949 ed.
1110 918 1240 962 Redep.

105 960 195 1002 (pag.
220 959 294 1003 80)
320 969 440 1003 quarto
466 960 543 992 loco
569 961 739 1004 positum,
766 961 982 1004 depromtum
1006 961 1098 993 idem
1124 974 1162 994 ex
1188 975 1241 1006 ep.

102 1004 283 1036 Justiniani
313 1005 355 1036 ad
391 1005 551 1037 Mennam
584 1005 767 1038 Patriarch.
802 1006 977 1038 Constant.
1009 1007 1137 1048 (Mansi
1170 1020 1241 1039 am-

105 1048 197 1092 pliss.
223 1049 358 1082 collect.
384 1049 570 1082 Concilior.
588 1050 689 1083 Tom.
707 1051 781 1094 IX.)
801 1063 874 1105 pag.
892 1051 969 1084 525.
995 1052 1104 1084 Verba
1124 1064 1241 1093 graeca

105 1102 183 1125 sunt
207 1093 345 1126 haecce:
378 1096 521 1138 ΠῙηδεὶς
545 1095 585 1129 δὲ
609 1099 865 1138 προσκοπιέτω
892 1097 940 1129 τῶ
966 1094 1082 1149 λόγω,
1113 1100 1145 1131 ει
1171 1101 1241 1151 μέ-

106 1151 172 1182 τρα
205 1139 417 1182 {mvl-mter
448 1142 508 1173 καὶ
539 1142 579 1186 τῇ
605 1142 666 1174 τοῦ
691 1142 780 1174 θεοῦ
807 1130 975 1193 δινάμει·
1010 1138 1143 1184 ἄπειρα
1167 1140 1240 1187 γὰρ

105 1186 316 1228 πεοιλαβεῖν
339 1188 392 1237 τῆ
394 1183 514 1237 quaet
538 1177 725 1219 ἀδύνατον
750 1183 933 1238 τυγχάνει.
964 1184 1082 1225 “Ἀπαξ
1106 1187 1145 1220 δὲ
1170 1200 1240 1221 πε·-

106 1232 350 1284 περασμένων
383 1226 518 1276 ὄντων,
557 1231 609 1263 ὡν
640 1229 912 1282 περιδυοὲττεῑαι
947 1229 1055 1268 αὐτὸς
1088 1229 1106 1265 ὁ
1140 1231 1239 1274 θεὸς,

109 1272 252 1319 ἀνάγκη
286 1272 375 1317 ὅρον
406 1277 495 1309 εἰναι
529 1278 634 1320 μέχοι
666 1274 794 1309 πόσων
818 1279 1108 1317 πεπεοῑισιιένων
1133 1277 1241 1320 διαρ-

107 1323 174 1353 κεῖ.
200 1339 244 1344 --
271 1319 341 1352 Cfr.
375 1319 433 1353 lib.
460 1320 501 1354 ΙΙ.
526 1333 610 1364 περι
635 1319 759 1365 αρχῶν
790 1333 863 1364 pag.
898 1321 950 1353 cd.
977 1311 1084 1353 Ruaei
1107 1320 1161 1355 97.
1187 1322 1239 1355 ed.

107 1373 210 1396 nostr.
236 1377 310 1408 pag.
334 1364 411 1398 215.
437 1375 509 1399 not.
536 1366 564 1398 1.

200 1421 233 1463 ⁵)
258 1420 481 1452 Desideratur
507 1424 596 1461 „est“
621 1420 655 1452 in
681 1421 757 1454 edd.
783 1421 832 1454 M.

199 1475 234 1518 ⁶)
259 1475 402 1508 Sanctus
432 1475 661 1519 Hieronymus
704 1475 800 1520 epist.
831 1475 884 1509 9-1.
920 1477 960 1508 ad
993 1476 1132 1508 Avitum
1165 1489 1242 1521 pag.

107 1519 181 1555 768.
208 1521 324 1559 verba,
350 1533 434 1564 quae
459 1522 500 1553 ad
525 1521 614 1553 hunc
639 1521 752 1553 locum
778 1520 949 1564 pertinere
976 1520 1148 1554 videntur:
1182 1522 1242 1563 „Si

109 1564 197 1597 enim
221 1565 356 1597 Patrem
389 1566 582 1607 cognosciU‘
609 1576 684 1604 etc„
708 1566 808 1597 affert
833 1578 871 1596 ex
897 1565 955 1598 lib.
981 1566 1038 1599 IV.
1063 1568 1148 1610 περὶ
1172 1566 1242 1611 (ἔρ-

102 1611 193 1655 χῶν,
220 1610 279 1642 sed
306 1610 464 1650 Rufinus,
491 1611 650 1654 quoniam
677 1609 862 1642 catholicae
885 1610 965 1642 fidei
990 1623 1027 1642 ea
1053 1623 1242 1654 repugnare

106 1655 256 1700 putabat,
283 1654 315 1686 in
341 1654 495 1687 versione
520 1669 578 1688 sua
604 1655 727 1688 omisit.
763 1656 872 1687 Verba
889 1667 1015 1695 graeca,
1041 1668 1126 1709 quae
1149 1665 1245 1699 post-

106 1712 219 1732 remae
244 1700 341 1743 hujus
366 1700 544 1741 fiagmenti
569 1701 656 1744 parti
680 1701 905 1742 respondent:
942 1704 989 1733 Εἰ
1014 1701 1053 1733 δὲ
1080 1699 1097 1734 ὁ
1122 1701 1242 1752 πατὴρ

108 1747 315 1789 {panepoe'zec
339 1747 426 1785 κῖ1..,
468 1745 600 1777 exhibet
623 1744 829 1777 Justinianus
861 1745 902 1776 ad
929 1745 1054 1777 calcem
1080 1745 1175 1789 epist.
1201 1735 1244 1779 ad

109 1791 270 1823 Mennam
296 1789 477 1823 Patriarch
498 1790 670 1828 Constant.
692 1789 819 1833 (WIansi
835 1789 981 1833 ampliss.
1001 1790 1135 1822 collect.
1150 1791 1242 1823 Con-

110 1835 218 1869 cilior.
250 1834 349 1866 T.0m
384 1834 459 1876 IX.)
491 1847 564 1877 pag.
589 1835 664 1868 525
720 1831 808 1866 Vide
846 1834 902 1866 lib.
931 1836 970 1866 ll
1007 1834 1242 1876 Origenianor.

109 1888 235 1924 quaest.
262 1880 303 1912 ll.
337 1892 429 1911 num.
453 1880 545 1911 XIX.
572 1893 638 1931 seq.
665 1879 704 1911 R.
731 1899 774 1903 —
805 1878 924 1911 Versio
950 1861 1151 1930 Hieronoymi
1174 1880 1240 1914 loc.

107 1925 200 1956 laud.
225 1925 327 1956 habet
359 1923 497 1955 haecce:
540 1924 598 1965 „Si
630 1924 717 1956 enim
750 1923 885 1955 Patrem
918 1924 1091 1965 cognoscit
1121 1924 1242 1965 Filius,

109 1969 244 2002 videtur
274 1968 308 2000 in
341 1981 400 2008 eo,
438 1969 530 2012 quod
554 1969 650 2000 novit
674 1969 828 2008 Patrem,
859 1981 958 2012 posse
984 1982 1061 2001 eum
1077 1982 1243 2020 compre-

107 2014 272 2046 hendere:
309 2023 347 2045 ut
377 2013 405 2044 si
436 2013 579 2046 dicimus
603 2013 739 2046 artificis
763 2013 913 2046 animum
938 2014 1017 2046 artis
1040 2014 1125 2046 scire
1148 2027 1244 2046 men-

109 2057 349 2091 su1am.Nec
374 2058 526 2099 dubium,
540 2059 643 2110 quin,
667 2058 693 2090 si
718 2058 818 2091 Pater
841 2058 884 2090 sit
907 2059 942 2090 in
960 2058 1065 2098 Filio,
1091 2067 1124 2091 et
1148 2072 1244 2091 com-

108 2103 338 2155 prehendatur
369 2103 411 2134 ab
442 2115 502 2143 eo,
539 2103 573 2135 in
599 2116 666 2147 quo
693 2111 750 2135 est.
798 2102 858 2135 Sin
883 2112 995 2135 autem
1007 2105 1244 2154 comprehen-

109 2148 240 2181 sionem
266 2160 338 2180 eam
365 2147 526 2187 dicimus,
549 2157 587 2180 ut
611 2161 679 2180 non
704 2148 814 2179 solum
839 2160 936 2181 sensu
960 2147 1033 2192 quis
1059 2158 1092 2181 et
1111 2149 1243 2193 sapien-

107 2193 155 2225 tia
180 2192 455 2244 comprehendat,
481 2193 539 2225 sed
565 2202 597 2225 et
621 2193 742 2225 virtute
768 2202 800 2225 et
823 2193 976 2237 potentia
994 2202 1115 2225 cuncta
1130 2203 1243 2226 teneat

108 2237 167 2281 qui
192 2237 366 2279 cognovit:
399 2250 469 2270 non
493 2251 672 2282 possumus
697 2238 829 2277 dicere,
862 2239 954 2282 quod
980 2238 1242 2282 comprrhendat

107 2282 216 2316 Filius
240 2283 385 2315 Pau-em.
433 2283 534 2315 Pater
556 2295 635 2315 vero
662 2283 738 2328 (cfr.
764 2283 863 2317 verba
887 2296 1020 2326 graeca,
1055 2296 1140 2328 quac
1164 2284 1242 2316 sub-
