1404 2463
392 104 436 126 DE
464 93 654 125 Pumcmus
683 93 790 125 LlBER
818 94 858 125 ΙΙ.
1124 90 1186 126 187

68 184 258 226 apostolos,
297 182 478 216 divinitatis
508 195 584 215 suae
615 181 736 213 virtute
769 182 917 225 repletos
951 182 1100 213 homines
1134 183 1186 214 vel

67 257 104 275 ex
137 244 336 288 publicanis,
376 245 426 276 vel
463 257 499 276 ex
530 243 750 287 piscatoribus
775 242 949 287 imperitos
975 252 1008 275 et
1032 243 1187 276 indoctos

68 305 207 338 circuire
239 305 318 338 fecit
342 306 457 337 orbem
481 314 660 346 terrarum,
695 313 732 336 ut
756 317 792 337 ex
819 304 908 336 omni
934 317 1070 346 genere,
1086 305 1114 344 ')
1140 313 1186 336 at-

68 379 130 410 qm·
157 380 193 398 ex
220 367 371 399 omnibus
394 366 531 411 populis
555 366 689 410 piorum
716 367 848 410 plebem
874 366 907 398 in
927 378 961 398 se
980 365 1186 397 credentium

68 437 312 469 congregarent.

154 489 184 522 2.
231 489 355 520 Verum
387 501 423 520 ex
456 488 610 521 omnihus
643 489 683 520 de
715 501 755 520 eo
782 486 951 520 miraculis
982 495 1015 518 et
1039 486 1187 527 magnifi-

68 549 182 582 centiis
212 549 294 582 illud
328 549 459 592 penitus
484 550 736 582 admirationem
763 550 924 581 humanae
949 548 1069 580 mentis
1095 561 1187 580 exce-

67 611 133 650 dit,
168 623 229 642 nec
259 610 384 642 invenit
422 610 573 646 mortalis
613 611 850 652 intelligentiae
891 609 1067 652 fragilitas,
1104 623 1187 653 quo-

65 673 168 704 modo
200 672 321 704 sentire
355 672 406 703 vel
439 672 623 714 intelligere
648 672 772 716 possit,
814 672 904 716 quod
929 680 1018 703 tanta
1043 671 1101 702 illa
1126 684 1186 714 po-

64 733 164 765 tentia
189 732 320 765 divinae
343 733 539 772 maiestatis,
572 733 680 778 ipsum
708 733 791 765 illud
817 735 956 765 verbum
983 732 1106 771 Patris,
1137 742 1185 764 at-

65 807 128 838 que
152 794 222 838 ipsa
246 794 407 838 sapientia
432 795 517 834 Dei,
542 795 574 827 in
600 808 662 839 qua
688 805 794 827 creata
819 804 895 827 sunt
920 794 1049 834 omnia,
1075 793 1183 826 visibi-

65 855 107 887 lia
134 864 165 887 et
190 854 386 896 invisibilia,
411 854 542 900 intra²>
569 856 912 900 circumscriptionem
937 855 1006 900 ejus
1029 855 1184 893 hominis,

65 917 122 960 qui
153 917 308 961 apparuit
337 917 370 949 in
394 918 538 956 Judaea‚
578 918 676 950 fuisse
709 918 871 949 credenda
903 917 963 957 sit;
998 918 1055 949 sed
1080 926 1112 948 et
1136 917 1185 948 in-

65 991 171 1019 gressa
195 991 263 1010 esse
290 978 356 1011 Dei
380 979 538 1023 sapientia
564 979 695 1011 vulvam
720 979 873 1018 feminae,
899 987 931 1011 et
954 979 1043 1010 nasci
1067 991 1183 1022 parvu-

66 1040 127 1078 lus,
152 1049 184 1071 et
211 1039 354 1081 vagitum
381 1040 531 1072 emittere
558 1041 598 1072 ad
615 1040 867 1072 similitudinem
888 1040 1093 1084 plorantium
1111 1053 1185 1084 par-

63 1101 229 1132 vulorum.
276 1100 363 1133 Tum
397 1101 517 1133 deinde
543 1102 679 1145 quod-³)
704 1102 736 1133 in
762 1111 870 1133 morte
895 1102 1111 1134 conturbatus
1136 1115 1185 1133 re-

66 1163 190 1201 fertur,
226 1170 263 1193 ut
293 1162 363 1206 ipse
397 1161 495 1194 etiam
527 1164 724 1206 profitetur,
746 1163 891 1210 vdicens:
929 1163 1112 1207 ‚‚T1·ist-2s⁴)
1137 1172 1185 1195 est

67 1223 175 1255 :mima
199 1235 270 1255 mea
295 1236 399 1268 usque
423 1225 463 1256 ad
488 1228 675 1257 mortem:“
713 1234 745 1257 et
769 1226 808 1257 ad
834 1224 989 1256 ultimum
1015 1225 1106 1268 quod
1131 1238 1185 1257 us-

68 1297 132 1329 que
157 1285 197 1316 ad
224 1297 314 1324 eam,
348 1298 430 1329 quae
455 1285 542 1317 inter
566 1286 717 1318 homines
742 1286 962 1327 indignissima
988 1286 1137 1325 habetur,
1153 1287 1184 1328 ⁵)

65 1347 229 1378 adductus
254 1355 303 1378 est
327 1356 481 1386 mortem,
505 1347 582 1379 licet
595 1348 628 1389 ⁵)
650 1357 726 1392 post
742 1347 871 1379 tertiam
889 1348 1068 1379 surrexerit
1084 1348 1184 1380 diem.

67 1408 151 1441 Cum
177 1420 254 1450 ergo
278 1408 311 1440 in
337 1420 376 1440 eo
403 1409 562 1452 quaedam
588 1409 631 1441 ita
657 1409 827 1441 videamus
853 1410 1010 1448 hnmana,
1042 1418 1079 1440 ut
1102 1409 1182 1440 nihil

65 1469 128 1513 2⁸⁷)
167 1469 336 1501 communi
379 1469 571 1502 mortalium
615 1470 793 1511 fragilitate
837 1470 959 1502 distare
1002 1469 1185 1509 videantur,

67 1532 227 1575 quaedam
252 1531 297 1564 ita
321 1531 448 1571 divina,
472 1540 511 1563 ut
533 1532 618 1564 nulli
643 1532 699 1563 alii
723 1531 830 1574 nisi⁸)
855 1532 904 1564 illi
929 1531 1055 1575 primae
1081 1540 1113 1563 et
1138 1531 1185 1563 in-

68 1592 198 1625 effabili
230 1601 365 1625 naturae
397 1593 592 1626 conveniant
619 1593 764 1631 deitatis,
796 1592 907 1624 haeret
930 1592 1066 1624 humani
1090 1593 1185 1625 intel-

162 1756 192 1799 Ι)
217 1755 303 1787 Edd.
328 1755 376 1786 M.
404 1759 550 1795 ‚‚geme.“

158 1811 194 1853 2)
220 1810 292 1843 Cfr.
313 1810 364 1842 ed.
389 1810 516 1854 Redep.
542 1822 614 1854 pag.
641 1810 714 1844 194.
739 1818 807 1849 not.
833 1809 884 1844 30.

159 1865 192 1909 3)
217 1865 304 1898 Edd.
329 1864 376 1896 Μ.
403 1866 515 1908 „quod
542 1874 572 1897 et
597 1865 650 1897 in“
678 1875 739 1899 etc.
796 1866 829 1909 ⁴²)
854 1865 970 1898 Matth.
992 1865 1113 1906 XXVI,
1131 1865 1182 1900 38.

159 1922 192 1965 ⁵)
219 1921 264 1952 lta
288 1921 367 1953 Mss.
393 1920 482 1952 Alias
515 1922 559 1965 (v.
587 1935 612 1953 c.
639 1921 671 1952 in
697 1921 771 1953 edd.
795 1921 858 1965 Μ.)
885 1921 1118 1962 ‚‚habebatur.“
1145 1922 1183 1953 R.

161 1977 193 2020 ⁶)
220 1977 268 2009 lta
292 1977 371 2009 Mss.
398 1975 486 2007 Alias
512 1980 558 2018 (ν.
587 1991 611 2009 c.
638 1976 670 2008 in
697 1977 771 2011 edd.
794 1977 859 2021 M.)
887 1977 985 2018 „licet
1010 1977 1104 2009 tertia
1130 1978 1183 2010 di«-

68 2022 255 2055 resurrexit.
304 2021 409 2054 Cun1“
436 2030 495 2053 etc.
522 2022 560 2054 R.

162 2078 194 2121 ⁷)
220 2078 304 2110 Edd.
331 2077 377 2109 M.
405 2090 442 2117 „a
467 2076 648 2116 communi,
672 2077 704 2109 id
731 2086 779 2109 est
801 2079 1014 2111 mortalium“
1042 2088 1102 2111 etc.

162 2134 194 2176 Η)
221 2133 274 2165 Sic
306 2142 394 2165 recte
421 2133 499 2165 Mss.
525 2133 615 2165 Alias
648 2136 693 2176 (v.
721 2149 746 2166 c.
772 2135 802 2166 in
828 2135 902 2168 edd.
928 2135 993 2177 Μ)
1027 2135 1109 2176 „nisi
1134 2136 1183 2167 ill·

71 2177 179 2221 primo
212 2188 243 2209 et
275 2177 438 2210 ineffabili
469 2179 500 2209 in
532 2192 564 2210 se
596 2179 769 2211 conveniat
800 2180 913 2212 deitati
945 2180 1081 2212 habere:
1126 2180 1182 2211 hu-

71 2223 157 2254 mani
183 2223 369 2255 intellectus
399 2223 545 2265 angustia
571 2233 677 2256 tantae
703 2225 927 2258 admirationis
951 2234 1087 2269 stupore
1113 2238 1185 2268 perv-

73 2281 173 2307 cussa,
199 2281 265 2312 quo
291 2268 447 2308 declinet,
474 2278 505 2300 ct
531 2282 597 2313 quo
625 2282 657 2302 se
684 2280 864 2309 convertat,
889 2271 1049 2312 ignm·at.“
1078 2270 1116 2302 R.
