1404 2463
386 93 429 115 DE
457 83 652 116 ancwns
678 83 789 114 Lnnzn
817 81 856 114 11.
1129 82 1193 116 179

71 172 192 205 Christi
218 171 375 214 intelligi,
408 172 532 216 quid')
557 171 646 203 aliud
674 180 737 208 est,
780 171 870 214 quod
904 170 990 214 justo
1016 171 1081 202 Dei
1108 171 1192 214 judi-

70 234 121 266 cio
149 233 330 280 objiciunt:
362 233 431 265 imo
457 233 536 277 quid
561 233 627 264 tale
652 242 716 270 est,
742 233 832 275 qnod
860 232 892 264 in
920 231 995 263 Deo
1023 232 1102 273 legis
1128 233 1190 264 rri-

70 295 255 334 minantur,
278 296 373 340 quale
399 305 445 327 est
469 304 505 327 ut
530 307 624 333 eum,
649 293 705 338 qui
730 295 770 325 ab
797 294 845 326 his
869 293 988 332 servis,
1022 307 1104 337 quos
1130 295 1190 329 mi-

71 366 156 389 serat
181 369 299 390 vocare
323 358 430 389 bonos
455 366 487 388 et
510 357 626 394 malos,
654 357 761 387 {uerat
786 355 952 392 invitatus,
977 353 1107 398 juberet
1126 368 1189 398 pro

70 418 314 451 sordidioribus
342 417 544 450 indumentis
575 417 723 449 vinctum
749 416 900 448 manibus
924 416 1134 461 pedibusque
1159 417 1190 449 in

72 480 250 513 exteriores
274 480 425 512 tenebras
447 478 684 523 praecipitari?

159 541 234 585 (88)
259 541 290 576 3.
335 541 379 573 Et
408 541 489 572 haec
519 539 654 585 quidem
678 539 832 571 sufficere
860 540 1002 578 debent,
1042 553 1126 583 quae
1153 553 1190 572 ex

69 604 264 637 auctoritate
301 602 513 635 assumsimus
550 601 798 645 Scripturarum
837 602 878 633 ad
918 601 1102 633 refellenda
1143 615 1191 641 ea,

73 678 155 709 quae
179 663 336 696 haeretici
361 664 546 696 obtendere
571 663 692 697 solent.
728 663 805 695 Non
831 672 941 694 tamen
966 662 1123 695 indecens
1147 663 1193 695 vi—

71 726 220 765 debitur,
255 725 281 758 si
314 726 413 757 etiam
447 738 484 757 ex
515 724 642 758 ratione
667 724 770 768 ipsius
796 724 1052 768 consequentiae
1077 724 1191 768 paucis

69 800 201 828 agamus
225 800 301 819 cum
327 786 375 820 iis,
425 786 669 828 interrogamus
694 798 772 827 ergo
799 798 866 824 eos,
891 786 917 817 si
942 795 1083 827 norunt,
1108 799 1191 831 quae

67 848 152 881 ratio
183 849 272 892 apud
307 848 458 880 homines
489 847 619 880 virtutis
649 861 686 880 ac
716 847 862 879 malitiae
894 847 1071 888 habeatur,
1110 857 1143 880 et
1165 848 1193 881 si

70 908 201 942 videtur
224 922 429 953 consequens
453 921 541 949 esse,
565 918 601 941 ut
624 909 761 957 virtutes
787 908 934 940 dicamus
957 909 989 940 in
1015 909 1103 947 Deo,
1128 910 1191 947 vel,

69 980 106 1003 ut
129 970 208 1015 ipsis
232 959 374 1010 videtur,
398 972 431 1002 in
457 971 588 1002 duobus
612 970 682 1002 istis
708 970 779 1003 diis.
821 970 1059 1014 Respondeant
1083 970 1191 1012 hoc2)

69 1045 219 1077 quoque:
244 1032 269 1064 si
294 1031 426 1064 videtur
449 1032 488 1064 iis
512 1031 642 1076 bonitas
658 1033 691 1075 3)
718 1033 819 1063 virtus
845 1044 913 1064 esse
938 1031 1066 1076 aliqua,
1100 1034 1189 1076 quod

70 1103 153 1137 puto
185 1093 256 1125 sine
288 1093 391 1125 dubio
425 1093 632 1130 fatebuntur,
667 1093 747 1136 quid
772 1093 871 1124 etiam
897 1092 1009 1125 dicent
1033 1094 1075 1125 de
1100 1092 1193 1138 justi—

70 1155 139 1188 tia?
173 1156 350 1199 Nunquam
382 1155 553 1198 profecte,
590 1163 626 1186 ut
655 1154 735 1186 mihi
763 1155 908 1191 videtur,
944 1155 987 1186 ita
1018 1154 1193 1198 desipient,

69 1225 106 1248 ut
131 1215 288 1261 justitiam
312 1225 432 1257 negent
457 1228 526 1247 esse
552 1216 716 1248 virtutem.
743 1210 853 1257 'Ergo
879 1216 905 1247 si
933 1217 1059 1247 bonum
1079 1216 1192 1255 virtus,

71 1287 104 1309 et
126 1275 250 1321 justitia
275 1277 379 1309 virtus
404 1286 468 1315 est,
492 1279 561 1309 sine
577 1276 610 1319 ἰ)
636 1277 738 1308 dubio
764 1276 886 1320 justitia
910 1277 1041 1309 bonitas
1066 1286 1123 1311 est.
1156 1278 1192 1311 Si

71 1351 150 1370 vero
175 1338 335 1377 dixerint,
359 1351 426 1370 non
451 1351 519 1370 esse
544 1339 669 1370 bonum
695 1338 870 1383 justitiam,
902 1349 1051 1382 superest
1076 1348 1110 1370 nt
1137 1349 1190 1371 ant

70 1400 195 1432 malum
219 1399 271 1438 sit,
295 1408 351 1430 aut
375 1399 579 1432 indifferens.
626 1399 669 1431 Et
694 1399 829 1444 quidem
854 1399 1042 1432 dicentibus
1066 1401 1189 1432 malum

71 1473 140 1493 esse
172 1459 347 1505 justitiam,
382 1460 586 1504 respondere
610 1460 762 1505 ineptum
787 1470 881 1505 puto.
930 1461 1081 1494 Videbor
1106 1462 1192 1494 enim

74 1523 126 1554 vel
151 1521 270 1554 insanis
294 1521 512 1560 sermonibus,
537 1522 589 1554 vel
605 1532 716 1555 mente
733 1522 832 1555 motis
849 1523 1039 1555 hominibus
1055 1535 1193 1568 respon-

75 1584 164 1616 dere.
195 1582 322 1615 Malum
341 1582 430 1614 enim
447 1584 621 1627 quomodo
638 1583 805 1616 videbitur
817 1583 863 1622 id,
888 1585 979 1627 quod
994 1585 1090 1617 bonis
1106 1586 1192 1618 bona

72 1644 254 1676 retribuere
280 1653 402 1688 potest,
425 1644 510 1676 sicut
535 1645 634 1678 etiam
660 1645 724 1689 ipsi
749 1645 915 1678 fatentur?
938 1646 975 1678 Si
999 1658 1079 1677 vero
1095 1645 1194 1678 indis-

73 1705 180 1736 serens
205 1704 358 1745 dixerint,
384 1718 588 1750 consequens
614 1715 672 1746 est,
696 1715 732 1738 ut
757 1719 832 1738 cum
857 1705 980 1750 justitia
1000 1706 1194 1739 indifferens

169 1861 198 1904 ¹)
224 1860 279 1893 Sic
310 1861 388 1893 Mss.
422 1861 513 1893 Libri
546 1861 627 1893 editi
659 1862 704 1903 (v,
740 1875 766 1894 c
792 1862 866 1894 edd.
893 1863 958 1906 Μ.)
986 1862 1086 1906 „quid
1110 1862 1194 1895 illud

75 1915 141 1944 est,
166 1906 258 1949 quod
283 1926 323 1930 —
348 1904 471 1949 judicio
498 1906 678 1951 objicitur?
710 1907 782 1939 imo
808 1907 887 1951 quid
914 1928 953 1932 —
979 1907 1059 1949 legis
1085 1908 1195 1940 crimi-

73 1931 190 1982 natilr“
217 1959 279 1983 etc.
305 1950 343 1982 R.

165 2006 198 2048 2)
222 2005 308 2037 Edd
334 2005 380 2038 M.
408 2005 493 2045 „hia

165 2060 198 2103 ³)
224 2060 464 2092 Desiderantur
499 2061 531 2093 in
568 2070 661 2094 antea
686 2061 781 2094 editis
806 2063 852 2106 (v.
877 2076 903 2095 c.
930 2064 1004 2097 edd
1029 2064 1106 2108 Μ.)
1137 2066 1193 2097 sed

76 2105 270 2137 habentur
262 2119 294 2137 ln
321 2105 474 2138 omnihus
499 2106 577 2139 les.
604 2107 718 2139 verba:
752 2108 905 2148 „bonitas
929 2119 1039 2141 virtus
1045 2113 1062 2130 “
1089 2110 1127 2142 R.

165 2161 199 2204 ⁴²)
223 2161 353 2213 Desunt
386 2161 419 2193 in
453 2171 547 2194 antea
579 2162 675 2194 editis
706 2163 752 2205 (v
777 2176 804 2196 c.
831 2164 906 2196 edd
931 2165 1008 2206 Μ.),
1047 2165 1195 2216 quarnx·is

74 2205 284 2282 {operiantut
314 2206 366 2283 inR
379 2207 533 2239 omnibus
557 2207 636 2240 Mss
663 2209 778 2240 verba:
820 2208 910 2241 »sine
944 2209 1047 2242 dubio
1074 2210 1195 2253 justitia

101 2260 208 2284 onitas
233 2261 290 2284 cst.
295 2264 310 2279 ί(
372 2278 378 2285 .

827 2321 933 2354 -12÷
