1404 2463
151 95 195 131 84
629 93 804 127 Omcnms

150 184 329 228 „Verbo¹)
358 183 497 216 Domini
523 182 611 215 coeli
637 181 758 215 firmati
783 189 880 220 sunt,
906 189 940 212 et
963 180 1092 224 Spiritu
1119 180 1186 213 oris
1212 178 1282 224 ejus

149 245 258 279 omnis
282 245 386 279 virtus
410 248 561 278 eorum.“
610 244 668 276 Est
692 245 793 276 etiam
818 242 982 286 quaedam
1000 241 1190 286 inoperatio
1215 242 1283 274 Dei

147 307 251 353 patris
275 307 455 352 praecipua
479 314 613 351 praeter
636 305 750 343 illam,
782 304 893 347 qua2)
925 304 1081 336 omnibus
1112 313 1150 336 ut.
1174 313 1284 336 essent

148 369 344 403 naturaliter
367 367 545 412 praestitit.
596 366 651 398 Est
676 374 710 397 et
734 364 876 397 Domini
899 365 980 397 Jesu
1006 363 1128 398 Christi
1152 364 1283 409 praeci-

148 444 254 476 puum
280 431 450 475 quoddam
475 428 697 460 ministerium
723 427 756 459 in
782 440 859 466 eos,
884 427 1005 471 quibus
1028 426 1224 458 naturaliter
1245 434 1284 458 ut

148 492 362 526 rationabiles
393 491 460 524 sint
492 491 641 529 confert,
673 502 735 534 per
766 489 859 533 quod
889 489 930 520 ad
956 488 1054 528 haec,
1086 501 1170 533 quae
1194 477 1281 527 sunt,

150 562 336 599 praestatur
361 552 400 585 iis
425 562 460 585 ut
485 553 570 584 bene
595 550 671 584 sint.
718 550 778 583 Est
803 559 835 582 et
856 549 919 582 alia
939 562 1074 594 quoque
1092 549 1191 582 etiam
1205 549 1284 594 Spi-

149 615 232 649 ritus
258 614 363 648 sancti
387 613 508 656 gratia,
541 625 624 658 quae
650 612 756 654 dignis
779 620 977 656 praestatur,
1000 610 1186 644 ministrata
1211 610 1284 656 qui-

150 678 227 710 dem
252 690 314 721 per
338 675 527 714 Christum,
567 675 741 720 inoperata
780 683 891 706 autem
922 686 940 706 a
975 674 1073 706 Patre
1097 673 1282 706 secundum

150 739 308 771 meritum
327 751 456 778 eorum,
481 737 539 782 qui
564 749 701 780 capaces
716 735 831 780 ejus3)
856 735 1059 769 efficiuntur.
1092 735 1197 778 Quod
1213 748 1284 767 ma-

150 799 367 834 nifestissime
399 799 528 832 indicat
557 797 732 844 apostolus
762 797 907 838 Paulus,
941 811 1041 830 unam
1073 797 1282 841 eandemque

150 862 309 895 virtutem
333 860 508 894 Trinitatis
534 872 703 905 exponens
727 859 761 892 in
787 872 846 899 eo,
873 860 998 903 dum³)
1032 859 1131 891 dicit:
1165 858 1283 899 „Divi-

149 925 309 969 siones⁵)
333 933 410 957 sunt
434 924 613 961 donorum,
626 922 659 966 ⁶)
692 920 768 966 (64)
804 921 895 954 idem
927 931 1038 954 autem
1063 920 1224 966 Spiritus:
1251 930 1284 953 et

149 985 328 1019 divisiones
362 995 440 1018 sunt
471 983 754 1024 ministeriorum,
785 983 875 1016 idem
901 993 1010 1016 autem
1036 983 1224 1016 Dominus:
1250 992 1284 1015 et

149 1048 329 1081 divisiones
355 1048 592 1092 operationum
618 1054 714 1085 sunt,
739 1045 829 1078 idem
854 1055 964 1078 autem
990 1046 1093 1085 Deus,
1118 1045 1174 1090 qui
1201 1058 1282 1090 ope-

148 1119 240 1143 ratur
265 1109 379 1142 0mnia
403 1109 437 1141 in
470 1108 635 1142 omnibus.
682 1106 873 1152 Unicuique
904 1117 1016 1140 autem
1051 1108 1150 1140 datur
1178 1107 1284 1140 mani-

149 1171 283 1205 festatio
309 1170 454 1215 Spiritus
490 1171 674 1203 secundum
710 1169 745 1202 id
782 1170 875 1214 quod
909 1169 1076 1214 expedit.“
1138 1169 1188 1201 Ex
1214 1181 1281 1213 quo

149 1233 417 1266 manifestissime
442 1233 649 1274 designatur,
675 1233 769 1276 quod
793 1232 884 1264 nulla
910 1241 959 1264 est
981 1231 1015 1264 in
1040 1230 1205 1264 Trinitate
1231 1230 1283 1263 di-

151 1295 293 1334 scretio,
324 1295 428 1339 sed7)
455 1295 540 1333 hoc,
572 1294 662 1338 quod
696 1295 823 1326 donum
848 1293 994 1338 Spiritus
1019 1293 1152 1333 dicitur,
1176 1293 1283 1325 mani-

150 1358 289 1390 testatur
328 1370 389 1401 per
422 1355 569 1395 Filium,
607 1365 639 1388 et
669 1355 866 1400 inoperatur
901 1368 963 1399 per
993 1355 1105 1387 Deum
1141 1364 1281 1399 patrem.

153 1418 297 1462 „Omnia
309 1419 343 1463 8)
368 1426 479 1450 autem
504 1426 664 1462 operatur
686 1430 772 1449 unus
796 1425 895 1461 atque
920 1416 1010 1449 idem
1036 1416 1202 1461 Spiritus,
1233 1416 1283 1449 di-

150 1481 266 1514 videns
278 1480 312 1525 ⁹)
336 1479 516 1524 unicuique
541 1488 644 1523 prout
668 1478 772 1511 vult.“

238 1541 271 1577 8.
318 1540 378 1575 His
402 1540 504 1583 igitur
528 1541 569 1573 dc
593 1540 720 1572 unitate
746 1539 870 1579 Patris,
896 1549 929 1572 et
953 1539 1053 1579 Filii,
1079 1549 1112 1571 et
1136 1539 1280 1584 Spiritus

150 1604 254 1638 sancti
278 1602 488 1649 protestatis‚
513 1602 689 1634 redeamus
713 1614 800 1634 nunc
824 1601 865 1633 ad
890 1615 966 1634 eum
992 1601 1157 1641 ordinem,
1182 1615 1280 1646 quem

151 1666 313 1700 disserere
346 1676 574 1710 coeperamus.
628 1664 721 1696 Deus
752 1672 847 1708 pater
877 1664 1034 1696 omnibus
1067 1672 1213 1708 praestat
1243 1672 1280 1696 ut

246 1811 277 1856 ¹)
302 1811 425 1844 Psalm.
449 1811 610 1852 XXXIII,
635 1810 666 1845 6.
691 1809 866 1855 (XXXII.)

241 1869 275 1911 ²)
300 1868 387 1901 Edd.
414 1868 461 1900 M.
488 1870 641 1911 „quarn.“
737 1866 772 1910 ³)
796 1866 901 1898 Deest
928 1864 1040 1909 „‹·jus“
1066 1864 1099 1897 in
1124 1865 1199 1897 edd.
1225 1865 1277 1899 Μ.

243 1924 278 1968 ⁴²)
302 1923 390 1958 Edd.
415 1924 462 1956 M.
490 1926 620 1964 „cum.“
717 1922 749 1967 ⁵)
776 1923 790 1954 I
817 1922 894 1955 Cor.
918 1921 991 1960 XII,
1017 1921 1114 1955 4-7.

240 1979 274 2024 ⁶)
298 1980 379 2012 Post
403 1992 477 2013 voc.
503 1979 732 2020 „donorum,“
764 1977 841 2010 libri
874 1977 955 2009 editi
986 1977 1032 2020 (v.
1057 1990 1084 2010 c.
1110 1977 1185 2010 edd.
1211 1977 1276 2021 M.)

150 2026 295 2059 addunt:
321 2025 395 2067 „vel
409 2024 648 2057 donationum:
662 2028 679 2044 ‘⁴
705 2024 797 2068 quod
814 2023 847 2055 in
862 2023 941 2055 Mss.
959 2034 1028 2054 non
1041 2022 1219 2066 reperitur.
1236 2023 1277 2055 R.

243 2080 277 2125 ⁷)
303 2081 358 2114 Sic
377 2081 456 2113 Mss.
481 2080 573 2112 Libri
591 2079 671 2112 editi
697 2081 742 2124 (v.
762 2079 879 2113 c.edd.
897 2078 963 2122 M.)
990 2071 1069 2119 „sed
1093 2078 1158 2110 hoc
1182 2078 1274 2123 quod

151 2127 278 2160 donum
302 2125 447 2170 Spiritus
467 2125 534 2158 Dei
558 2125 765 2158 ministratur
787 2137 848 2169 per
870 2124 1031 2164 Filium,“
1058 2133 1119 2156 etc.
1146 2124 1185 2157 R.

241 2182 276 2226 ⁸)
301 2182 315 2214 I
340 2181 418 2214 Cor.
442 2181 519 2221 XII,
547 2181 598 2216 11.

240 2239 274 2284 ⁹)
301 2239 348 2271 Ita
373 2239 455 2272 Mss.
479 2237 570 2270 Alias
594 2238 641 2281 (v.
667 2251 694 2270 c.
719 2237 752 2270 in
778 2237 853 2270 edd.
874 2236 942 2280 M.)
968 2235 1141 2277 „dividens
1165 2235 1275 2278 singu-

147 2286 187 2319 {is
210 2288 332 2335 prouff‘
360 2293 421 2317 etc.
