1404 2463
408 141 453 164 DE
477 131 670 163 ancipns
696 129 807 162 Lmen
832 130 856 161 Ι.
1151 130 1191 164 31

74 233 193 253 norum
219 219 350 252 adorari
374 228 545 264 oporteret
566 219 689 257 Deum,
714 218 826 250 dicens
851 218 1010 262 quoniam
1026 220 1056 262 ¹)
1082 220 1195 260 „Deus

74 282 210 327 spiritus
234 285 314 316 est.“
363 281 554 324 Quaerebat
578 279 666 311 enim
697 279 738 311 ab
770 291 811 310 co
836 279 1040 312 Samaritana
1064 281 1196 321 mulier,

74 352 193 388 putans
219 356 295 375 cum
320 354 389 375 esse
412 354 514 373 unum
540 353 577 372 ex
606 340 760 380 Judaeis,
794 349 906 372 utrum
938 340 973 373 in
998 341 1197 388 Hierosoly-

74 405 137 437 mis
168 404 300 437 adorari
331 411 505 447 oporteret
534 402 665 441 Deum,
695 414 736 433 an
768 401 800 434 in
833 403 898 434 hoc
929 412 1062 445 monte3
1094 413 1126 435 ct
1149 406 1193 436 ita

75 465 221 507 dicebat:
256 465 389 506 „Patres
401 465 434 507 ²)
460 463 566 496 nostri
590 475 706 495 omnes
722 463 755 507 ³)
785 462 851 495 hoc
882 463 916 495 in
938 474 1054 496 monte
1079 466 1196 497 adora-

74 537 210 566 verunt,
240 536 274 559 ct
297 538 356 557 vos
381 524 506 566 dicitis,
539 524 660 569 qui-2⁴)
693 524 727 556 in
750 524 994 571 Hierosolymis
1018 535 1066 557 est
1089 525 1195 566 locus,

74 589 132 621 ubi
156 589 293 621 adorare
319 589 486 631 oportet.“
534 587 586 619 Ad
610 586 690 617 haec
714 598 808 628 ergO‚
823 586 854 630 5)
888 599 971 630 quae
997 586 1196 630 opinabatur

73 649 285 688 Samaritana,
309 657 427 692 putans
452 640 490 679 ex
520 646 675 679 locorum
701 647 930 691 corporalium
954 650 1195 691 praerogativa,

75 711 165 756 quod
190 710 298 742 minus
321 710 457 752 rectefi)
496 708 549 740 vel
578 708 642 740 rite
678 708 881 741 adorabatur
893 711 924 754 ⁷)
951 710 1061 748 Deus,
1097 719 1154 742 aut
1178 724 1195 742 a

73 772 209 806 Judaeis
232 771 268 804 in
291 770 546 816 Hierosolymis,
570 778 627 802 aut
650 783 668 802 a
692 770 907 803 Samaritanis
931 770 965 803 in
990 781 1104 804 monte
1129 772 1195 804 Ga-

71 833 185 874 rizim,
209 831 384 877 respondit
415 832 587 871 Salvator,
619 843 687 864 esse
720 833 946 865 recedendum
978 846 996 865 a
1025 847 1196 890 pra-esum-

70 895 163 928 tione
189 893 416 939 corporalium
448 894 603 926 locorum
633 893 729 935 huic,
767 894 824 939 qui
857 894 926 927 vult
956 895 1051 939 sequi
1075 895 1195 927 Domi-

71 971 169 999 num;
194 966 226 989 et
250 956 296 988 ita
320 955 382 987 ait:
408 954 529 997 „Venit
540 954 574 1000 ⁸)
599 955 692 995 hora,
715 965 754 988 ut
777 956 846 989 veri
858 956 1063 996 adoratores,
1087 970 1195 1001 neque

70 1019 105 1052 in
130 1016 391 1063 Hierosolymis,
429 1029 538 1061 neque
569 1015 604 1047 in
636 1026 752 1048 monte
782 1017 846 1050 hoc
877 1019 1018 1050 adorent
1048 1018 1194 1053 Patrem.

72 1082 164 1114 Deus
186 1079 322 1124 spiritus
347 1087 415 1117 est,
440 1087 473 1110 et
497 1090 571 1117 eos,
597 1077 654 1121 qui
679 1078 818 1110 adorant
842 1092 937 1119 eum,
961 1080 995 1111 iu
1019 1080 1139 1124 spiritu
1163 1090 1195 1112 et

72 1142 210 1174 veritate
242 1148 379 1184 oportet
413 1139 585 1171 adorare-‘⁴
633 1139 678 1171 Et
710 1139 786 1172 vide
817 1154 915 1185 quam
951 1150 1197 1185 consequenter

73 1204 246 1236 veritatem
277 1200 411 1246 spiritui
441 1200 598 1242 sociavit,
639 1209 676 1233 ut
705 1198 745 1233 ad
778 1201 1028 1235 distinctionem
1059 1203 1196 1247 quidem

73 1277 255 1309 corporum
279 1262 469 1295 nominaret
491 1261 658 1307 spiritum,
681 1263 724 1294 ad
748 1263 997 1296 distinctionem
1018 1277 1098 1297 vero
1123 1278 1196 1297 um-

71 1328 161 1366 brae,
191 1325 245 1357 vel
282 1324 449 1366 imaginis,
487 1323 671 1356 veritatem.
726 1324 796 1367 Qui
826 1324 915 1357 enim
946 1326 1130 1359 adorabant
1159 1326 1195 1359 in

71 1385 334 1432 Hierosolymis,
363 1386 502 1417 umbrae
533 1385 587 1417 vel
617 1384 751 1427 imagini
784 1386 981 1419 coelestium
1005 1388 1195 1421 deservien-

70 1459 130 1489 tes,
155 1461 222 1481 non
237 1449 271 1492 ⁹)
296 1446 453 1488 veritate,
486 1459 595 1491 neque
626 1446 745 1491 spiritu
774 1448 958 1481 adorabant
990 1449 1121 1483 Deum:
1153 1449 1194 1482 si-

70 1510 195 1543 militer
217 1519 330 1543 autem
353 1517 387 1540 et
409 1507 445 1548 ii,
470 1508 528 1552 qui
551 1508 737 1541 adorabant
760 1509 793 1541 in
817 1520 932 1543 monte
957 1511 1114 1544 Gai-izim-

159 1573 190 1607 5.
238 1569 340 1606 Omni
358 1570 411 1614 ¹⁰)
435 1568 537 1611 igitur
559 1582 666 1610 sensu,
692 1570 749 1615 qui
774 1584 976 1616 corporeum
1001 1572 1127 1617 aliquid
1152 1573 1194 1605 de

165 1683 198 1727 ¹)
221 1683 270 1716 Ita
292 1683 373 1715 Mss.
399 1680 489 1714 Alias
514 1682 560 1726 (v.
579 1694 606 1714 c.
630 1681 662 1714 in
679 1682 755 1714 edd.
774 1683 841 1728 M.)
865 1685 1061 1728 „quomodo
1078 1685 1192 1718 Deus“

74 1736 136 1760 etc.
160 1727 201 1760 R.
227 1748 268 1753 —
294 1727 363 1761 Cfr.
389 1738 438 1759 ev.
462 1727 585 1760 Joann.
608 1726 665 1766 lv,
688 1726 742 1762 24.

163 1783 198 1826 ²)
221 1783 282 1817 Ev.
304 1783 424 1817 Joann.
449 1782 504 1822 IV,
527 1782 580 1817 20.

163 1838 199 1882 ³)
221 1839 326 1872 Deest
351 1841 508 1880 „omnes“
533 1839 567 1871 in
593 1838 670 1871 edd.
697 1839 741 1873 M.

163 1893 199 1937 ⁴)
222 1894 285 1927 Ed.
310 1894 357 1927 M.
384 1894 425 1927 ll.
452 1897 597 1939 „qu0d‚“
695 1897 728 1941 ⁵)
752 1896 838 1929 Edd.
864 1897 912 1929 M.
939 1900 1104 1939 „autem.“

182 1949 197 1991 )
221 1949 278 1983 Sic
304 1950 412 1983 codd.
435 1951 644 1985 Sorbonicus
667 1961 702 1984 et
726 1951 952 1986 Colbertinus.
978 1952 1068 1985 Alias
1091 1953 1139 1997 (v.
1165 1966 1192 1986 c.

71 1996 105 2028 in
130 1995 206 2028 edd.
234 1994 297 2039 M.)
324 2004 432 2035 „recte
456 1997 509 2029 vel
533 2001 655 2030 recte.“
681 1998 721 2030 R.

165 2051 197 2092 ⁷)
223 2050 309 2083 Edd.
337 2050 385 2083 M.
421 2053 646 2093 „adoretur.“

161 2106 196 2149 8)
222 2105 282 2138 Ev.
305 2106 424 2139 Joann.
451 2108 507 2148 lV,
529 2108 582 2144 21.
606 2109 662 2144 24.

161 2162 195 2207 ⁹)
220 2161 276 2195 Sic
309 2174 424 2207 omnes
457 2164 536 2197 Mss.
568 2164 658 2197 Alias
690 2165 737 2209 (v.
770 2178 796 2198 c.
826 2165 861 2198 in
893 2165 969 2198 edd.
1002 2165 1068 2209 M.)
1104 2178 1192 2206 „non

72 2206 255 2246 veritatem,
279 2219 386 2252 neque
409 2208 565 2252 spiritum
588 2211 803 2244 adorabant.“
828 2212 868 2243 R.

122 2263 176 2306 ¹⁰)
199 2263 253 2295 De
277 2262 404 2296 verbis:
439 2264 563 2305 „Omni
594 2265 692 2307 igitur
723 2284 781 2305 ——,
811 2266 940 2299 deitatis
970 2265 1081 2309 specie
1115 2278 1193 2297 con·

73 2311 189 2348 stare,“
216 2309 273 2342 cfr.
299 2309 442 2351 Apolog.
469 2310 606 2354 Pamph.
633 2324 703 2355 pag.
729 2310 781 2344 23.
835 2318 840 2322 “
