1404 2463
179 132 248 167 448
673 133 850 167 Omessms

181 225 337 269 Aegypto
362 221 442 263 ista,
475 233 560 266 quae
591 220 626 253 in
651 221 749 254 terris
772 221 884 266 posita
909 230 973 263 est,
989 221 1022 266 ¹)
1052 221 1106 254 vel
1129 221 1319 270 Babylone,

180 285 235 317 vel
260 284 374 331 Tyro,
413 283 467 315 vel
504 283 546 315 de
578 282 708 316 Sidone
735 283 881 325 intelligi
918 283 1148 328 prophetatas.
1200 283 1320 329 Neque

180 346 270 379 enim
311 359 367 387 ea,
409 357 494 390 quae
525 345 686 379 Ezechiel
716 345 884 391 propheta
897 345 931 389 ²)
962 345 1005 377 de
1035 345 1211 378 Pharaone
1240 358 1319 388 rege

180 407 326 454 Aegypti
356 407 591 452 prophetavit,
622 407 802 440 convenire
834 406 938 439 alicui
961 405 1142 439 hominum
1166 416 1319 451 possunt,

180 470 237 515 qui
262 482 414 511 regnasse
439 468 593 500 videatur
616 467 649 501 in
668 470 835 515 Aegypto,
860 469 947 501 sicut
968 469 1147 502 manifeste
1162 469 1319 513 textusi)

178 532 252 576 ipse
276 531 402 564 indicat
428 529 596 563 lectionis.
643 529 810 563 Similiter
835 540 869 563 et
895 543 951 571 ea,
984 543 1069 576 quae
1094 531 1137 563 de
1161 529 1318 575 principe

179 593 264 638 Tyri
288 593 464 632 dicuntur,
495 604 565 624 non
579 591 613 635 ⁴¹)
637 601 780 636 possunt
802 592 947 634 intelligi
971 593 1013 625 de
1037 592 1152 637 aliquo
1178 592 1319 624 homine

177 655 271 686 velut
301 667 379 696 rege
403 653 491 698 Tyri
515 652 622 695 dicta;
656 654 715 686 sed
743 653 846 698 (185)
872 663 905 686 et
929 654 971 686 de
994 654 1318 687 Nabuchodonosor

178 730 228 756 ea,
252 729 337 761 quae
362 714 478 747 multis
503 716 537 747 in
562 714 647 748 locis
672 716 712 748 ab
730 715 906 760 Scriptura
924 715 1093 755 dicuntur,
1118 724 1152 748 et
1170 715 1317 747 maxime

1352 628 1369 655 ι’

175 779 210 811 in
234 777 345 817 Esaia,
360 777 392 820 ⁵)
425 777 601 820 quomodo
636 777 800 820 possibile
836 786 886 810 est
909 790 971 810 nos
995 777 1086 811 dicta
1109 777 1153 809 de
1177 775 1316 809 homine

178 839 371 884 suscipere?
407 840 527 882 Neque
559 837 651 870 enim
688 838 793 870 homo
821 847 888 877 est,
921 838 980 882 qui
1006 838 1131 871 dicitur
1154 838 1316 871 cecidisse

175 903 218 935 de
244 901 362 940 coelo,
394 901 447 932 vel
479 899 537 944 qui
560 899 698 932 Lucifer
721 899 803 941 suit,
834 900 889 932 vel
921 899 980 943 qui
1010 911 1108 932 mane
1133 899 1316 935 oriebatur.

174 963 244 998 Sed
275 962 334 995 illa
365 960 606 1001 nihilominus,
643 974 729 1005 quae
759 960 795 993 in
826 960 1006 993 Ezechiele
1037 960 1126 994 dicta
1162 970 1241 994 sunt
1271 962 1315 994 de

174 1027 344 1070 Aegypto,
375 1023 470 1055 velut
490 1022 525 1055 in
551 1022 770 1067 quadraginta
793 1022 886 1055 annis
911 1022 1172 1063 exterminanda,
1206 1022 1253 1055 ita
1275 1031 1314 1055 ut

172 1100 234 1131 pes
264 1085 414 1118 hominis
442 1097 512 1117 non
542 1084 733 1117 inveniatur
762 1083 798 1116 in
838 1097 893 1123 ea,
934 1094 967 1117 et
995 1083 1030 1116 in
1054 1093 1185 1117 tantum
1210 1097 1314 1129 expu—

172 1149 322 1194 gnanda,
354 1156 393 1179 ut
424 1159 487 1191 per
511 1159 649 1179 omnem
673 1156 798 1179 terram
822 1145 892 1191 ejus
916 1146 1082 1180 humanus
1103 1145 1236 1188 sanguis
1258 1158 1315 1179 us—

171 1223 237 1255 que
262 1210 303 1242 ad
329 1221 435 1252 genna
460 1208 643 1241 exaltetur:
667 1207 782 1241 nescio
807 1208 834 1240 si
859 1208 933 1253 quis
956 1208 1170 1241 intellectum
1188 1209 1315 1241 habens

171 1272 237 1303 hoc
268 1271 311 1303 de
345 1272 499 1316 Aegypto
535 1269 599 1302 ista
628 1279 778 1310 terrena,
817 1282 903 1315 quae
934 1269 1138 1314 Aethiopiae
1169 1269 1311 1315 adjacet,
1357 1290 1361 1291 ν

171 1332 280 1377 possit
311 1333 497 1365 advertere.
546 1332 614 1365 Sed
628 1331 666 1376 ⁶)
694 1331 880 1364 videndum
912 1341 962 1365 est
993 1344 1036 1365 ne
1067 1333 1158 1365 forte
1188 1331 1236 1365 ita
1260 1331 1312 1365 di-

171 1394 267 1436 gnius
281 1395 314 1437 ⁷)
348 1393 456 1438 possit
485 1393 648 1435 intelligi,
681 1393 775 1438 quod
805 1394 892 1426 sicut
923 1393 1080 1426 coelestis
1104 1403 1154 1427 est
1176 1393 1312 1426 Jerusa-

168 1456 238 1488 lem
271 1464 305 1487 et
327 1455 479 1494 Judaea,
513 1464 546 1487 et
579 1467 658 1496 gens
679 1454 751 1486 sine
776 1454 901 1495 dubio,
939 1467 1025 1499 quae
1049 1455 1178 1489 habitat
1200 1455 1236 1488 in
1261 1467 1311 1495 ea,

167 1529 252 1562 quae
277 1515 402 1549 dicitur
425 1516 545 1548 lsrael:
571 1515 616 1548 ita
640 1515 803 1559 possibile
827 1525 878 1548 est
901 1515 1000 1549 etiam
1026 1515 1134 1549 vicina
1157 1516 1207 1549 his
1232 1517 1309 1549 loca

170 1591 240 1612 esse
265 1579 448 1624 quaedam,
479 1589 565 1622 quae
590 1577 644 1609 vel
670 1580 859 1624 Aegyptus,
883 1577 938 1611 vel
961 1577 1136 1624 Babylon,
1159 1579 1214 1611 vel
1239 1578 1308 1623 Ty-

261 1763 296 1807 ¹)
319 1762 545 1795 Desideratur
569 1766 661 1803 „est“
688 1762 723 1795 in
749 1763 825 1795 edd.
852 1762 902 1795 Μ.

260 1819 294 1861 ²)
319 1818 451 1851 Desunt
475 1817 510 1849 in
537 1817 634 1850 editis
660 1820 706 1860 (v.
734 1831 760 1851 c.
787 1819 864 1851 edd.
891 1818 969 1859 Μ.),
994 1819 1053 1851 sed
1078 1819 1246 1852 habentur
1267 1821 1303 1853 in

165 1862 246 1896 Mss.
271 1864 390 1895 verba:
418 1862 606 1906 „propheta
632 1863 674 1895 de
698 1863 874 1896 Pharaone
899 1876 977 1905 rege
1003 1864 1179 1910 Aegypti.“
1205 1866 1303 1899 R..-

168 1907 238 1941 Csr.
263 1908 386 1942 Ezech.
411 1908 540 1940 XXIX.
564 1907 677 1941 XXX.

259 1963 293 2007 3)
319 1963 376 1996 Sic
402 1964 485 1996 Mss.
510 1963 604 1995 Editi
629 1965 677 2007 (v,
703 1977 732 1997 c.
756 1964 833 1997 edd.
859 1964 927 2008 Μ.)
953 1964 1114 2006 „exitus.“
1140 1964 1180 1998 R.

259 2019 293 2062 4)
317 2019 451 2051 Desunt
475 2019 509 2051 in
536 2018 633 2051 editis
658 2020 705 2061 (v.
732 2033 758 2052 c.
785 2020 862 2054 edd.
888 2021 969 2065 NL),
993 2021 1052 2053 sed
1077 2020 1245 2053 habentur
1268 2020 1301 2052 in

164 2063 245 2096 Mss.
270 2065 388 2096 verba:
428 2076 518 2104 „non
550 2072 692 2107 possunt
722 2064 865 2106 intelligi
891 2085 932 2092 -—
959 2066 1065 2107 diem
1103 2066 1164 2099 sed
1193 2074 1227 2098 et
1259 2066 1301 2097 de

163 2108 485 2140 Nabuchodonosor
518 2121 576 2147 ea,
616 2121 700 2152 quae
731 2110 848 2142 multis
878 2110 913 2143 in
945 2111 1029 2143 locis
1061 2111 1102 2143 ab
1126 2110 1302 2154 Scriptura

166 2152 356 2185 ‹licuntur.“
383 2154 423 2185 R.
448 2173 493 2177 —
518 2153 588 2186 Cfr.
614 2153 736 2188 Ezech.
760 2155 889 2188 XXVI.
914 2156 1062 2188 XXVII.

255 2208 286 2251 ⁵)
315 2208 384 2240 Cfr.
409 2207 507 2240 Jesai.
532 2208 624 2240 XlV.

257 2261 291 2305 6)
317 2262 410 2294 Haec
434 2271 467 2294 et
492 2275 584 2306 seqq.
608 2276 715 2306 usque
740 2264 781 2296 ad
807 2277 900 2297 num.
924 2264 978 2299 23.
1003 2266 1123 2297 desunt
1148 2264 1181 2297 in
1205 2273 1298 2297 textu

164 2320 294 2348 graeco,
411 2306 444 2351 ⁷)
471 2307 529 2340 Sic
554 2308 633 2341 Mss.
658 2308 752 2340 Editi
775 2309 822 2353 (v.
850 2322 878 2342 c.
902 2310 979 2343 edd.
1006 2310 1073 2354 M.)
1099 2309 1251 2352 „digne,“
