1404 2463
185 97 251 132 281
652 99 826 133 Ommzms

187 188 379 229 Evangelio,
405 190 494 232 quod
519 190 673 223 Salvator
690 190 831 222 dixerat:
848 191 877 234 ¹)
906 190 971 231 „Ut
990 191 1138 224 videntes
1155 191 1298 231 videant,

188 261 220 283 ct
244 263 310 283 non
335 250 483 283 videant:
518 261 550 283 et
574 252 744 285 audientes
769 252 918 291 audiant,
953 262 984 285 et
1007 266 1075 286 non
1099 253 1301 295 intelligant3

187 326 228 345 ne
259 314 347 345 sorte
378 323 628 352 convertantur,
659 323 692 346 et
715 314 902 346 remittatur
924 314 995 347 iis.“
1046 316 1082 348 ln
1113 328 1178 360 quo
1205 315 1303 355 dicet,

189 374 245 419 qui
275 388 293 407 e
324 375 454 407 diverso
478 376 678 420 respondet:
716 375 752 409 Si
779 375 977 408 omnimodo
1002 376 1053 416 hi,
1085 377 1142 421 qui
1166 376 1306 409 manife-

187 437 268 469 stius
291 437 445 476 audient,
477 437 684 478 corrigentur
708 447 741 470 et
766 447 1018 477 convertentur,
1044 448 1076 471 et
1100 438 1144 471 ita
1168 452 1306 486 conver-

187 507 315 538 tentur,
353 508 389 531 ut
423 508 455 531 et
486 499 574 540 digni
608 499 673 531 sint
702 501 875 543 percipere
900 499 1129 532 remissionem
1153 509 1307 544 peccato-

187 574 278 600 rum;
317 573 384 593 non
417 570 465 592 est
496 570 607 593 autem
639 560 672 592 in
704 560 853 605 ipsorum
889 571 1072 605 potestate,
1107 571 1144 594 nt
1173 561 1307 594 audiant

186 622 398 654 manifestum
422 635 628 660 sermonem,
664 623 720 654 sed
746 623 779 655 in
804 622 873 668 ejus
897 623 1011 668 utique
1036 633 1220 668 potestate,
1251 623 1307 668 qui

189 684 306 722 docet,
328 693 365 715 ut
389 683 534 727 apertius
559 694 590 716 et
605 684 820 716 'manifestius
845 685 982 726 doceat;
1012 685 1038 717 is
1063 698 1142 717 vero
1168 685 1224 729 qui
1247 685 1308 717 do-

191 756 260 785 cet,
295 755 474 790 propterea
501 758 534 777 se
560 745 641 777 dicit
665 746 837 778 manifeste
862 746 900 778 iis
928 759 995 778 non
1021 746 1212 790 praedicare
1237 759 1310 778 ver-

189 810 286 846 bum,
310 820 351 839 ne
375 808 463 839 forte
487 807 639 846 audiant,
665 816 694 839 et
720 807 922 849 intelligant,
947 817 979 840 et
1000 817 1251 848 convertantur,
1277 816 1310 839 et

189 871 372 902 salventur:
412 882 479 901 non
513 869 574 901 erit
600 869 715 913 utique
741 868 773 900 in
798 869 877 913 ipsis
902 878 938 900 ut
961 869 1043 901 salvi
1067 870 1156 901 fiant.
1205 868 1310 911 Quod

190 933 217 966 si
243 941 307 971 est,
339 930 436 963 liberi
466 930 592 962 arbitrii
618 943 686 962 non
711 930 833 962 erimus
860 931 908 961 vel
935 931 975 962 ad
1000 930 1158 968 salutem,
1189 929 1242 962 vel
1267 931 1309 962 ad

190 993 428 1039 perditionem.
474 992 518 1024 Et
541 991 566 1024 si
593 991 728 1035 quidem
752 1005 818 1024 non
845 1001 930 1024 esset
952 991 1129 1037 adjectum,
1153 992 1244 1036 quod
1262 991 1311 1023 di-

192 1057 254 1090 xit:
282 1055 397 1097 „Ne²)
424 1055 510 1086 forte
537 1063 787 1094 convertantur,
819 1063 852 1085 et
876 1053 1064 1086 remittatur
1086 1053 1173 1086 iis:“
1198 1063 1313 1098 posset

192 1117 333 1163 pronior
357 1129 425 1148 esse
449 1114 636 1159 responsio,
660 1128 723 1159 qua
748 1114 935 1147 diceremus
961 1115 1116 1159 quoniam
1132 1112 1312 1160 nolebat³)

195 1194 269 1220 eos,
304 1191 387 1224 quos
412 1177 566 1210 Salvator
599 1176 804 1221 praesciebat
833 1190 900 1209 non
933 1190 1001 1209 esse
1032 1178 1164 1210 futuros
1193 1178 1313 1216 bonos,

193 1241 377 1282 intelligere
403 1239 554 1284 mysteria
586 1238 677 1280 regni
709 1239 900 1278 coelorum,
937 1248 970 1271 et
992 1248 1172 1283 propterea
1196 1239 1314 1283 loque-

193 1306 291 1337 batur
323 1302 362 1334 iis
394 1300 428 1333 in
458 1300 644 1344 parabolis;
686 1313 772 1332 nunc
809 1310 919 1333 autem
951 1313 1026 1333 cum
1057 1300 1223 1345 adjectum
1254 1300 1311 1334 sit:

196 1365 312 1407 »Nc⁴)
347 1364 433 1395 forte
463 1371 716 1400 convertantur,
747 1371 780 1394 et
809 1362 995 1395 remittatur
1024 1363 1108 1396 iis:“
1142 1362 1315 1395 difficilior

195 1427 338 1460 efficitur
363 1423 539 1468 expositio.
585 1423 629 1455 Et
653 1423 762 1467 primo
790 1423 923 1467 quidem
950 1425 1192 1456 observandum
1216 1423 1312 1455 nobis

196 1498 253 1527 est,
276 1487 354 1532 quid
379 1487 499 1518 habeat
523 1484 719 1517 munimenti
744 1486 836 1517 locus
861 1485 921 1517 iste
947 1486 1047 1518 etiam
1065 1486 1219 1517 adversus
1235 1484 1312 1516 hae-

195 1550 333 1588 reticos,
367 1546 422 1591 qui
452 1546 608 1590 aucupari
634 1547 733 1578 verba
758 1546 799 1578 de
825 1546 929 1578 veteri
954 1547 1168 1578 Testamenta
1193 1544 1312 1585 solent,

194 1614 221 1645 si
245 1623 308 1656 qua
331 1610 419 1641 sorte
444 1607 598 1639 videntur
622 1607 671 1647 iis,
694 1617 729 1639 ut
755 1608 817 1652 ipsi
842 1607 1042 1650 intelligunt,
1067 1608 1108 1640 de
1124 1608 1200 1639 Deo
1226 1620 1315 1640 crea-

195 1684 268 1706 tore
293 1683 390 1713 grave
416 1679 447 1701 ct
472 1670 687 1702 inhumanum
712 1668 839 1713 aliquid
865 1669 1045 1711 designare,
1071 1682 1145 1701 cum
1159 1669 1190 1714 ⁵)
1217 1667 1314 1713 (126)

196 1735 250 1767 vel
275 1730 469 1765 vindicantis
494 1730 690 1772 designatur,
718 1730 769 1762 vel
794 1730 962 1774 punientis
985 1730 1138 1772 affectus,
1163 1730 1215 1762 vel
1233 1742 1316 1774 quo-

197 1795 369 1841 quomodo
383 1794 416 1836 6)
449 1802 536 1825 certe
568 1791 631 1836 ipsi
665 1791 744 1824 haec
775 1791 946 1824 nominare
977 1791 1102 1831 solent,
1134 1804 1171 1823 ex
1196 1790 1315 1836 quibus

198 1856 354 1890 videlicet
398 1853 581 1886 bonitatem
629 1854 790 1895 denegent
832 1867 899 1886 csse
939 1853 972 1885 in
1023 1862 1187 1886 creatore:
1232 1865 1316 1897 quo-

295 2031 324 2071 ¹)
350 2028 436 2060 Edd.
462 2027 509 2059 M.
536 2021 740 2070 „Propterea
764 2026 830 2065 his,
856 2026 912 2071 qui
938 2026 1017 2058 soris
1041 2035 1133 2064 sunt,
1159 2025 1191 2057 in
1216 2025 1315 2057 Para-

200 2076 286 2109 bolis
312 2076 450 2117 loquor:
476 2081 512 2102 ut
536 2071 704 2103 vidente-§⁵
731 2081 793 2104 etc.
819 2092 858 2097 -—
885 2071 989 2105 Marc.
1013 2071 1070 2111 IV.
1098 2070 1148 2104 12.

292 2132 324 2172 ι3)
352 2130 454 2161 Marc.
479 2127 534 2165 IV,
564 2127 613 2160 12.
709 2128 742 2171 ³)
770 2128 832 2161 Ed.
858 2128 904 2160 Μ.
933 2129 954 2160 Ι.
982 2127 1165 2168 „volebat.“

292 2187 326 2229 ⁴)
353 2185 456 2216 Marc.
484 2183 536 2221 lV,
565 2183 612 2216 12.

293 2243 326 2283 5)
353 2240 408 2273 Sic
434 2238 513 2272 Mss.
541 2238 643 2270 Alias:
671 2253 766 2279 „cum
792 2239 843 2271 tel
867 2238 1072 2282 judicantis.“
1100 2239 1136 2270 R.
1162 2257 1201 2262 —
1226 2237 1311 2269 Eum,

201 2289 247 2322 Μ.
277 2287 349 2328 „vel
375 2298 448 2317 cum
475 2283 679 2328 judicantis.“
775 2284 808 2327 ⁶)
831 2284 917 2318 Edd.
946 2285 992 2318 M.
1018 2283 1243 2327 „quomodo.“
