1404 2463
164 99 232 134 294
653 96 830 130 Onffissms

166 196 205 219 ut
228 186 505 230 pronunciemus,
531 184 625 228 quod
642 185 672 226 ¹)
697 183 801 226 magis
825 183 923 214 bonis
950 181 1048 213 dictis
1069 180 1226 214 haeretici
1246 182 1314 213 sru-

169 248 283 290 stra²)
309 246 516 279 calumniam
542 245 674 278 faciant.

260 308 360 353 (132)
381 308 431 342 19.
458 308 542 340 Post
566 306 647 337 haec
671 305 912 348 insequebatur
935 304 993 335 illa
1020 302 1182 347 quaestio,
1207 316 1316 347 quon·

170 370 235 404 iam
264 370 362 413 »et³)
389 368 476 401 velle
500 377 536 400 et
559 367 723 412 perficere
749 379 787 397 ex
801 365 834 409 ⁴)
853 366 931 397 Deo
959 369 1039 397 est.“
1081 364 1126 396 Et
1141 364 1251 396 aiunt:
1277 363 1315 396 Si

172 444 210 465 ex
236 431 312 464 Deo
339 430 434 473 est⁵)
459 428 567 468 velle,
595 437 632 459 'et
659 440 696 458 ex
722 427 800 459 Deo
836 435 885 458 est
908 426 1092 470 perficere,
1122 424 1192 457 sive
1219 426 1316 464 bene,

172 492 241 527 sive
274 491 362 524 male
393 490 586 532 agimus‚⁶)
619 489 673 520 vel
698 488 871 526 volumus,
904 501 942 519 ex
967 487 1044 518 Deo
1069 495 1133 518 est:
1172 486 1265 529 quod
1289 485 1317 518 s‘i

173 563 234 594 est,
259 553 357 585 liberi
381 550 509 584 arbitrii
534 563 603 583 non
629 562 754 582 sumus.

265 614 318 646 Ad
351 614 445 657 quod
475 612 752 655 respondendum
779 619 844 649 est,
883 609 1008 653 quia⁷)
1033 621 1145 641 sermo
1171 607 1318 652 apostoli

174 687 244 707 non
277 674 377 713 dicit,
417 673 543 718 quia8)
578 672 665 704 velle
702 671 789 703 mala
823 684 860 702 ex
886 671 963 702 Deo
998 679 1066 709 est,
1102 669 1203 712 aut9)
1230 669 1318 701 velle

174 736 264 768 bona
289 748 326 768 ex
351 736 428 767 Deo
455 743 514 773 est,
538 746 648 777 neque
672 732 835 776 perficere
860 732 960 768 bona,
985 739 1042 762 aut
1067 730 1153 762 mala
1179 742 1218 762 ex
1240 730 1318 762 Deo

176 805 242 829 est:
267 797 326 828 sed
351 795 553 837 generaliter
577 794 641 831 ait,
667 794 813 837 quiam)
839 792 924 824 velle
950 801 983 824 et
1008 791 1171 835 perficere
1198 804 1216 824 a
1240 791 1318 823 Deo

177 866 235 890 est.
284 856 381 889 Sicut
406 856 494 888 enim
520 868 537 889 a
558 856 634 887 Deo
661 854 821 886 habemus
846 853 910 885 hoc
936 853 1066 896 ipsum,
1092 852 1184 896 quod
1210 852 1320 884 homi-

174 929 234 950 nes
258 930 391 956 sumus,
416 917 508 960 quod
534 915 721 960 spiramus,
755 915 847 958 quod
874 927 1070 952 movemur,
1101 913 1145 945 ita
1170 922 1204 945 et
1227 913 1321 957 quod

177 978 345 1017 volumus,
371 991 410 1009 cx
434 978 512 1009 Deo
539 978 717 1008 habemus:
735 977 740 994 ¹
757 977 787 1018 ¹)
812 985 850 1007 ut
866 975 917 1017 ¹²)
935 975 1021 1006 sicut
1040 974 1202 1013 dicamus,
1228 974 1322 1018 quod

179 1052 370 1078 movemur,
395 1052 434 1071 ex
453 1039 532 1071 Deo
559 1047 618 1077 est,
644 1037 697 1069 vel
721 1036 814 1080 quod
840 1034 969 1075 singula
994 1047 1146 1079 quaeque
1171 1036 1323 1067 membra

179 1098 295 1131 officio
320 1112 381 1131 suo
407 1099 611 1138 deserviunt,
636 1108 669 1131 et
695 1106 886 1135 moventur,
912 1109 948 1127 ex
975 1096 1052 1128 Deo
1080 1104 1138 1128 est.
1180 1096 1228 1128 Ex
1253 1109 1321 1141 quo

178 1159 297 1203 utique
321 1172 392 1191 non
416 1159 503 1193 illud
528 1159 747 1202 intelligitur,
781 1157 859 1202 quia
895 1158 986 1200 quod
1013 1166 1171 1189 movetur
1194 1170 1322 1197 manus,

181 1220 277 1252 verbi
301 1233 408 1259 causa,
433 1223 475 1254 ad
502 1220 746 1253 verberandum
771 1218 906 1263 injuste,
932 1217 985 1250 vel
1009 1218 1050 1250 nd
1069 1218 1260 1258 furandum,
1285 1231 1322 1252 ex

182 1282 261 1314 Deo
287 1290 353 1314 est:
378 1283 438 1314 sed
464 1283 528 1314 hoc
553 1282 664 1325 ipsum
689 1281 782 1324 quod
808 1289 976 1317 movetur,
1001 1292 1039 1312 ex
1064 1279 1140 1311 Deo
1167 1289 1233 1320 est;
1262 1292 1324 1312 no-

181 1351 286 1374 strum
320 1356 399 1375 vero
435 1353 484 1375 est
516 1352 628 1375 motus
661 1342 762 1380 istos,
802 1340 924 1384 quibus
956 1340 1155 1384 moveri¹³)
1183 1355 1220 1373 ex
1247 1342 1323 1374 Deo

181 1404 352 1459 hzlibemus,
379 1404 431 1436 vel
456 1405 497 1438 ad
521 1405 624 1442 bona,
648 1403 701 1434 vel
728 1402 769 1434 ad
794 1401 883 1433 mala
910 1411 1120 1434 convertere.
1171 1403 1218 1434 lta
1244 1415 1322 1444 crgo

278 1571 309 1612 ¹)
336 1569 393 1602 Sic
420 1569 501 1602 Mss.
526 1568 618 1600 Libri
645 1568 728 1599 editi
750 1568 795 1612 (v.
816 1580 844 1600 c.
864 1567 938 1599 edd.
962 1567 1026 1608 M.)
1053 1576 1109 1599 »ut
1133 1568 1268 1610 magis.“
1285 1569 1324 1601 R.

277 1625 311 1666 ²)
336 1625 393 1658 Sic
418 1625 499 1657 Mss.
526 1623 623 1655 Libri
644 1623 724 1654 editi
751 1624 798 1665 (v.
817 1636 843 1654 e.
864 1623 940 1656 edd.
959 1622 1024 1666 M.)
1049 1621 1209 1655 omittunt
1237 1624 1326 1655 »fru-

186 1673 283 1702 stra.“
309 1670 350 1703 R.
466 1669 500 1711 ³)
528 1668 598 1700 Cfr.
623 1667 775 1711 Philipp.
804 1669 844 1707 ll,
872 1667 923 1701 13.

278 1726 312 1768 ⁴)
340 1727 389 1757 Ita
414 1724 494 1757 Mss.
522 1724 611 1756 Alias
631 1725 677 1767 (v.
697 1737 724 1756 c.
743 1724 777 1755 in
793 1724 869 1756 edd.
884 1723 950 1764 M.)
977 1731 1085 1764 „esset
1109 1735 1147 1754 ex
1164 1721 1274 1755 Deo.“
1286 1724 1324 1756 R.

277 1782 312 1824 ⁵)
335 1781 422 1814 Edd.
447 1781 498 1813 M.
525 1779 632 1811 »velle
660 1782 738 1810 est.“
845 1779 878 1820 6)
904 1778 992 1810 Edd.
1019 1778 1067 1810 M.
1095 1790 1280 1819 »agamu5.«

278 1835 313 1878 ⁷)
337 1836 400 1868 Ed.
427 1835 475 1869 M.
501 1835 545 1866 ΙΙ.
573 1834 718 1878 »quod«
749 1852 789 1858 —
823 1833 892 1866 Cfr.
918 1834 971 1866 ed.
996 1834 1125 1877 Redep.
1151 1846 1224 1877 pag.
1248 1834 1326 1868 268.

184 1889 255 1913 not.
285 1881 337 1914 17.
364 1880 443 1912 coll.
471 1879 528 1911 lib.
555 1879 594 1911 ll.
624 1878 857 1919 Origenianor.
885 1887 1010 1921 quaest.
1036 1879 1109 1910 Vll.
1136 1891 1226 1910 num.
1252 1879 1303 1912 10.

279 1937 313 1978 ⁸)
339 1936 402 1968 Ed.
430 1936 477 1968 M.
505 1935 544 1966 Il.
576 1934 724 1977 „qu0d.«

278 1992 315 2033 9)
339 1992 471 2023 Desunt
496 1990 531 2022 in
557 1998 651 2021 autea
677 1987 773 2020 editis
799 1989 845 2031 (ν.
873 2001 900 2020 e.
927 1989 1001 2020 edd.
1022 1987 1099 2031 M),
1123 1989 1183 2020 sed
1206 1988 1328 2020 habeu-

188 2043 241 2065 ιω·
264 2034 297 2066 in
322 2035 404 2067 Mss.
433 2036 550 2066 verba:
578 2043 656 2075 „aut
682 2033 767 2065 velle
793 2034 880 2065 bona
907 2045 945 2064 ex
969 2033 1046 2064 Deo
1074 2036 1155 2065 est.“
1181 2033 1221 2065 R.

266 2089 320 2130 ¹⁰)
348 2090 412 2122 Ed.
439 2091 487 2122 M.
511 2090 552 2122 ll.
581 2089 726 2133 »quoda

263 2145 316 2188 ¹¹)
342 2145 405 2178 Ed.
432 2145 560 2188 Redep.
584 2144 675 2176 sola:
703 2144 938 2184 ‚,habcan1us.¹‹

260 2201 314 2243 ¹²)
338 2200 424 2232 Edd.
450 2200 497 2231 M.
526 2208 584 2240 „ut
608 2199 637 2230 si
661 2199 845 2231 dicamus.“

261 2256 313 2298 ¹³)
339 2256 387 2287 Ita
415 2255 495 2287 Mss.
523 2254 613 2285 Alias
639 2255 684 2296 (v.
712 2267 737 2285 c.
766 2253 798 2284 in
825 2253 900 2284 edd.
926 2253 994 2294 M.)
1020 2254 1202 2284 »motum.“
1230 2252 1270 2284 R.
