1404 2463
395 166 440 189 DE
466 156 664 189 PmNcu‘ns
689 155 802 188 Lmen
829 155 884 189 lV.
1151 154 1215 189 471

85 245 314 290 iniquitatem,
349 254 382 278 et
405 254 587 290 propterea
610 244 703 276 unxit
728 257 804 277 eum
828 245 922 280 Deus
948 246 1025 277 oleo
1051 243 1208 277 laetitiae:

84 307 126 339 ita
152 316 185 339 et
208 307 434 352 unusquisque
459 316 538 351 post
560 307 709 351 lapsum,
743 307 795 338 vel
819 316 897 351 post
919 318 1071 338 errorem
1093 318 1213 348 expur-

82 376 138 409 get
160 380 195 400 se
219 367 372 409 maculis,
397 368 554 412 exemplo
578 367 770 411 proposito,
795 377 828 401 ct
852 368 975 400 habens
1000 366 1128 399 itineris
1153 366 1214 397 du-

82 442 174 468 cem,
211 429 348 460 arduam
380 428 467 461 viam
501 428 630 461 virtutis
661 428 813 470 incedat3
848 437 885 460 ut
915 428 1009 471 sic¹)
1039 428 1127 459 forte
1153 429 1215 470 pei·

80 489 163 532 hoc,
187 489 222 521 in
249 499 408 534 quantum
434 489 506 521 fieri
532 498 662 533 potest,
687 501 749 532 per
771 488 995 520 imitationem
1020 487 1091 532 ejus
1113 486 1213 531 (192)

79 549 260 595 participes
291 550 480 582 efficiamur
510 550 644 582 divinae
672 559 826 592 naturae,
855 549 942 581 sicut
964 548 1126 592 scriptum
1152 555 1210 584 est,

80 611 156 656 quia
182 610 262 655 „qni
275 611 310 654 ²)
334 611 417 643 dicit
442 624 476 643 se
494 611 629 644 Christo
655 611 805 653 credere,
828 611 929 642 debet
952 610 1038 642 sicut
1060 608 1118 641 ille
1143 620 1213 639 am-

78 672 226 712 bulavit,
257 681 290 704 et
321 672 393 716 ipse
418 663 624 705 ambularef‘
673 672 750 704 Hoc
775 685 853 714 ergo
879 672 1035 710 verbum,
1072 679 1107 702 et
1129 669 1211 701 haec

78 733 260 778 sapientia,
283 746 345 778 per
369 733 461 778 cujus
488 733 714 765 imilationem
740 733 792 764 vel
816 733 1002 777 sapientes,
1027 731 1080 763 vel
1104 730 1208 763 ratio-

77 794 208 828 nabiles
232 793 440 840 dicimur,³)
466 795 623 827 omnibus
648 794 685 826 fit
710 794 842 834 omnia,
872 803 910 826 ut
934 805 1051 825 omnes
1074 790 1211 824 lucrifa-

77 855 162 898 ciat3
198 864 232 888 et
262 855 300 888 snt
323 855 476 888 infirmus
500 854 661 894 infirmis,
697 864 733 887 ut
764 855 916 887 infirmos
937 853 1140 886 lucrifaciat:
1176 861 1209 884 et

78 917 155 961 quia
186 916 338 949 infirmus
363 915 530 958 efficitur,
559 925 703 960 propter
728 916 794 948 hoc
818 915 942 948 dicitur
964 916 1007 948 de
1032 927 1091 947 eo:
1128 913 1210 955 „Et-

77 978 142 1010 iam
154 977 188 1022 ⁴)
213 977 240 1010 si
266 977 442 1009 crucifixus
466 986 515 1009 est
536 989 573 1008 ex
598 976 810 1017 infirmitate,
834 977 894 1009 sed
918 976 1002 1009 vivit
1022 989 1061 1007 ex
1087 974 1207 1007 virtu‘te

74 1038 173 1071 Dei.“
221 1037 380 1082 Denique
405 1037 606 1076 Corinthiis,
637 1037 697 1081 qui
719 1037 845 1070 infirmi
869 1046 979 1076 erant,
1011 1035 1136 1068 Paulus
1159 1034 1206 1067 ni-

77 1099 125 1132 hil
148 1112 184 1132 se
208 1098 334 1132 indicat
347 1098 380 1143 ⁵)
407 1098 512 1139 „scire
536 1097 599 1133 nisi
624 1098 795 1132 Christum
811 1099 941 1139 Jesum,
965 1107 998 1134 et
1020 1097 1109 1129 hunc
1132 1109 1208 1129 cru-

76 1161 244 1194 cifixum.“

166 1222 219 1257 32.
267 1221 419 1265 Quidam
432 1222 467 1266 6)
499 1231 610 1254 aulem
642 1223 763 1255 volunt
795 1222 836 1254 de
866 1220 938 1265 ipsa
969 1219 1079 1252 anima
1092 1219 1126 1263 ⁷)
1157 1217 1208 1249 di-

76 1294 167 1317 ctum
204 1283 329 1323 videri,
369 1296 445 1315 curn
479 1283 627 1327 primum
665 1284 707 1316 de
740 1283 849 1315 Maria
885 1295 1009 1326 corpus
1041 1280 1207 1320 assumsit,

76 1345 177 1377 etiam
201 1344 308 1384 illud,
331 1345 425 1389 quod
450 1345 626 1388 apostolus
650 1343 750 1376 dicit:
776 1343 868 1387 „Qui
880 1343 913 1387 8)
939 1356 1016 1375 cum
1040 1341 1073 1374 in
1097 1341 1208 1373 forma

74 1407 143 1439 Dei
173 1415 277 1446 esset,
311 1418 380 1438 non
412 1405 564 1450 rapinam
594 1405 773 1437 arbitratus
806 1413 856 1437 est
877 1417 948 1437 esse
973 1416 1007 1436 se
1029 1402 1205 1447 :aequalem

48 1472 50 1474 ’
72 1469 163 1508 Deo,
185 1468 245 1500 sed
263 1476 370 1499 semet
386 1467 496 1511 ipsum
515 1465 705 1506 exinanivit,
727 1466 872 1498 formam
888 1465 976 1497 servi
993 1463 1206 1508 accipiens:“

75 1542 152 1562 cum
177 1541 250 1560 eam
275 1528 346 1560 sine
371 1528 476 1560 dubio
501 1527 536 1559 in
560 1528 706 1559 formam
730 1527 797 1559 Dei
821 1526 1021 1559 melioribus
1045 1522 1206 1567 exemplis

75 1600 109 1623 et
134 1588 402 1622 institutionibus
433 1598 622 1633 repararet,
661 1597 760 1633 atque
790 1588 825 1621 in
849 1600 921 1620 eam
946 1585 1208 1632 plenitudinem,

74 1652 165 1685 unde
189 1663 225 1683 se
249 1650 486 1690 exinaniverat,
498 1650 532 1695 ⁹)
556 1659 741 1686 revocaret.

163 1712 263 1745 Sicut
284 1720 397 1744 autem
420 1711 680 1756 participatione
697 1709 780 1743 Filii
797 1710 863 1743 Dei
888 1708 960 1754 quis
977 1708 1010 1741 in
1027 1707 1136 1740 filiurn
1153 1707 1206 1750 ¹⁰)

167 1826 202 1869 ¹)
228 1825 292 1859 Ed.
317 1824 368 1857 M.
392 1824 417 1856 I.
444 1822 492 1864 „si
516 1822 639 1860 forte.“
741 1822 781 1866 ²)
803 1822 872 1855 Csr.
898 1822 913 1853 Ι
936 1821 1060 1854 Joann.
1087 1820 1130 1860 ll,
1153 1820 1183 1854 6.

168 1882 204 1925 3)
227 1880 286 1915 Sic
310 1879 391 1913 Mss.
416 1877 509 1910 Editi
535 1878 583 1922 (v,
608 1892 636 1911 c.
663 1877 738 1910 edd.
765 1877 831 1922 M.)
858 1876 1070 1918 ‚,dicuntur.“
1096 1876 1136 1908 R.

167 1936 205 1980 ⁴)
230 1936 263 1968 11
288 1935 368 1969 Cor.
391 1934 485 1973 ΧΙΙΙ,
509 1934 540 1967 4.

170 1991 203 2034 5)
227 1991 293 2023 Ed.
316 1990 365 2023 M.
390 1990 432 2022 11.
460 1987 639 2033 ‚‚iud;ca2.‹‘
666 2009 705 2014 -
746 1988 758 2020 1
785 1988 862 2022 cor.
888 1989 931 2029 11,
955 1988 986 2022 2.

169 2048 204 2090 ⁶)
230 2046 300 2078 Cfr.
325 2045 377 2077 ed.
402 2045 534 2089 Redep.
558 2057 631 2089 pag.
656 2044 732 2079 374.
758 2053 828 2076 not.
854 2044 885 2077 5.

171 2104 203 2146 ⁷)
229 2101 285 2134 Sic
309 2110 402 2133 recte
427 2100 507 2133 Mss.
532 2100 663 2144 (itemq.
689 2100 741 2133 ed.
766 2099 815 2132 M.
841 2099 900 2142 ll.)
932 2099 1041 2132 Editi:
1080 2099 1229 2139 „animm

76 2149 143 2183 Dei
170 2146 308 2180 videris*
336 2146 375 2178 R.
401 2165 442 2171 —-
467 2145 531 2178 Ed.
556 2147 605 2180 Μ.
630 2146 657 2178 l.
684 2144 815 2186 „anima
837 2145 951 2177 Deum
976 2144 1117 2177 videri.“

170 2204 205 2246 ⁸)
230 2200 379 2244 Philipp.
406 2202 450 2243 ll,
475 2201 505 2234 6.
532 2201 563 2235 7.

170 2259 205 2302 ⁹)
231 2257 288 2291 Sic
313 2257 394 2292 Mss.
417 2257 511 2290 Editi
535 2258 581 2301 (v.
606 2271 634 2291 c.
660 2258 736 2291 edd.
763 2256 829 2301 M.)
855 2255 1088 2297 „exinanivit.“
1117 2256 1154 2288 R.

152 2314 205 2358 ¹⁰)
231 2313 288 2347 Sic
312 2313 392 2346 Mss.
421 2312 515 2347 Editi
540 2313 587 2357 (v,
614 2327 641 2346 e.
667 2313 742 2346 edd.
768 2313 834 2356 M.)
861 2313 989 2354 „fili0.“
1017 2312 1041 2344 R
