1404 2463
171 110 239 145 442
653 110 831 144 Omfflzms

173 199 256 232 haec
286 197 321 231 in
357 198 419 232 tali
450 211 545 232 causa
578 199 751 243 superfluo
783 207 980 232 memorata.
1028 199 1128 243 (180)
1153 200 1312 234 Secundo

174 274 254 294 vero
287 261 367 306 quid
401 262 553 300 obesset,
589 260 618 293 εἰ
648 260 890 293 obscoenitatis
925 260 1078 294 vitandae
1109 274 1206 294 causa
1231 262 1313 306 ejus,

176 336 261 368 quae
294 336 332 355 ex
365 322 623 356 circumcisione
649 331 714 362 est,
746 331 862 366 posset
886 321 1005 366 aliquis
1029 335 1192 355 revocare
1217 335 1313 366 prae-

174 383 334 429 putium?
357 384 487 426 Tertio,
514 384 606 428 quod
631 392 722 416 certe
745 382 819 415 fieri
845 383 881 415 id
906 383 1000 415 omni
1023 395 1143 426 genere
1159 382 1316 427 impossi-

173 446 243 479 bile
269 455 328 478 est.

266 508 359 540 Haec
391 515 504 539 autem
536 506 647 539 omnia
679 520 696 539 n
728 506 826 538 nobis
852 506 941 538 dicta
966 515 1060 546 sunt,
1095 515 1135 539 ut
1159 503 1316 539 ostendii-

176 582 263 611 mus,
287 568 365 613 quia
381 568 410 612 ¹)
437 567 490 599 liic
514 577 715 612 prospectus
741 577 790 600 est
815 567 961 612 Spiritus
985 567 1103 608 sancti,
1135 567 1192 611 qui
1216 567 1315 600 nobis

175 631 366 675 Scripturas
391 630 518 662 divinas
544 630 670 662 donare
694 629 847 671 dignatus
874 638 941 668 est,
962 642 1032 661 non
1054 638 1093 662 ut
1117 642 1156 661 ex
1180 629 1252 662 sola
1277 628 1318 661 li-

175 701 258 734 iera,
282 692 336 723 vel
361 690 396 723 in
422 691 580 724 omnibus
605 704 643 723 ex
668 704 705 723 ea
732 691 903 724 aedificari
927 690 1108 735 possimus,
1132 703 1232 735 quam
1250 690 1316 722 sre-

177 763 321 798 quenter
344 751 604 797 impossibilem,
629 765 691 785 nec
715 752 940 785 sufficientem
967 752 1033 784 sibi
1057 753 1172 785 adesse
1197 753 1316 796 depre-

177 815 368 854 hendimus,
383 814 417 857 2)
442 813 476 845 id
496 822 554 853 est,
579 826 642 857 per
661 826 761 857 quam
781 813 949 845 interdum
967 826 1037 845 non
1053 814 1167 846 solum
1184 813 1317 846 irratio-

175 875 313 922 neffilia,
338 887 454 907 verum
480 874 581 907 etiam
607 874 831 919 impossibilia
857 874 1088 916 designantur:
1119 875 1180 907 sed
1204 884 1243 908 ut
1266 875 1317 907 in-

175 937 367 979 telligamus
400 944 554 967 contexta
592 949 662 969 esse
693 937 859 980 quaedam
890 935 968 968 huic
993 935 1118 968 visibili
1143 935 1317 976 historiae,

179 1011 263 1043 quae
295 996 435 1030 interius
461 996 672 1030 considerata
698 1008 731 1030 et
755 998 946 1040 intellecta,
980 997 1100 1030 utilem
1124 997 1317 1030 hominibus

179 1069 214 1092 et
238 1060 315 1092 Deo
341 1058 474 1100 dignam
500 1059 683 1102 proferunt
706 1059 827 1100 legem.

270 1120 322 1155 19.
370 1119 465 1164 Ne3)
501 1123 572 1165 quis
605 1130 717 1153 autem
749 1120 939 1165 suspicetur
970 1133 1031 1153 nos
1055 1120 1122 1153 hoc
1147 1120 1269 1161 dicere,
1282 1119 1315 1166 ⁴)

179 1184 303 1227 qni-2⁵)
334 1182 462 1214 nullam
496 1180 670 1214 historiam
705 1182 902 1226 Scripturae
933 1183 1056 1214 factam
1093 1194 1163 1215 esse
1194 1182 1318 1215 sentia-

177 1258 269 1284 mus,
303 1243 462 1288 quoniam
475 1244 510 1287 6)
542 1243 652 1287 aliqua
679 1256 717 1276 ex
742 1244 791 1276 his
816 1244 932 1288 non7)
958 1245 1044 1277 facta
1069 1256 1138 1277 esse
1152 1245 1186 1288 Β)
1210 1244 1319 1288 suspi-

156 1312 313 1348 ‘camur3
337 1306 390 1337 vel
415 1305 509 1337 nulla
537 1314 717 1349 praecepta
743 1305 825 1347 legis
849 1306 1036 1338 secundum
1062 1305 1193 1338 literam
1219 1315 1318 1346 stare,

178 1367 338 1413 quoniam
352 1368 386 1411 ⁹)
419 1367 584 1410 quaedam
617 1368 803 1399 secundum
839 1380 911 1398 eam
948 1366 1165 1410 dicimusffl)
1195 1368 1318 1400 servari

165 1443 244 1471 ‘uon
275 1440 394 1473 posse,
426 1427 460 1459 in
493 1427 615 1472 quibus
641 1428 695 1460 vel
719 1427 827 1469 ratio,
866 1429 919 1460 vel
943 1428 993 1460 rei
1018 1428 1225 1472 possibilitas
1248 1442 1317 1461 non

179 1489 345 1532 admittit3
371 1490 423 1521 vel
449 1501 505 1529 ea,
531 1502 615 1533 quae
632 1491 640 1510 ¹
657 1489 685 1532 ¹)
712 1490 753 1522 de
778 1489 955 1522 Salvatore
979 1490 1103 1534 scripta
1127 1500 1223 1531 suut,
1247 1504 1316 1524 non

278 1613 308 1657 ¹)
332 1612 397 1644 Ed.
424 1612 471 1645 Μ.
498 1612 540 1644 ll.
569 1612 694 1655 „quod.

272 1669 306 1711 ²)
335 1668 391 1702 Sic
422 1668 503 1701 Mss.
535 1667 629 1700 Editi
670 1669 716 1711 (v.
761 1681 787 1700 c.
822 1668 897 1701 edd.
931 1669 998 1714 M.)
1036 1669 1317 1714 „comprehendi-

178 1717 285 1748 mus.“
313 1714 341 1746 R

270 1771 303 1814 ³)
332 1769 401 1802 Cfr.
437 1768 538 1812 Apol.
565 1767 707 1812 Pamph.
742 1768 793 1800 ed.
818 1768 924 1801 Ruaei
957 1768 1067 1813 (Orig.
1096 1770 1189 1815 Opp.
1215 1771 1316 1805 Tom.

179 1817 235 1848 lv.
264 1815 437 1858 Append.)
461 1826 535 1857 pag.
561 1814 614 1848 37.
647 1826 716 1857 seq.
750 1813 830 1845 coll.
857 1815 908 1847 ed.
934 1824 1038 1848 nostr.
1064 1815 1164 1847 Tom.
1190 1817 1316 1850 XXW.

177 1873 250 1905 pag.
276 1860 353 1894 3?4.
377 1873 471 1903 seqq.
497 1857 731 1900 OrigenianOr.
757 1858 816 1892 lib.
843 1859 884 1891 ΙΙ.
910 1868 1035 1903 quaest.
1060 1860 1153 1893 ΧΙΗ.
1177 1862 1317 1897 uum.4.

271 1917 304 1959 α)
331 1915 388 1949 Sic
413 1916 492 1947 Mss.
519 1914 613 1946 Editi
638 1927 718 1946 vero
744 1915 791 1958 (v,
818 1928 845 1948 c.
874 1916 952 1947 edd.
977 1914 1044 1960 M.)
1072 1916 1250 1958 „docere.“
1277 1919 1316 1953 R.

273 1972 306 2016 ⁵)
333 1972 396 2004 Ed.
419 1971 468 2003 M.
494 1971 539 2003 ll.
568 1971 714 2014 »quod.“
812 1970 846 2013 ⁶)
870 1971 959 2005 Edd.
983 1972 1032 2005 M.
1059 1973 1291 2017 „quomod0.“

269 2028 303 2071 7)
333 2028 433 2072 Apol.
466 2026 606 2070 Pamph.
640 2027 706 2059 loc.
739 2027 829 2059 laud.
864 2040 952 2068 „uon
986 2040 1056 2060 esse
1089 2030 1177 2062 facta
1210 2029 1316 2074 suspi-

181 2077 326 2106 camur.“
424 2071 457 2115 8)
484 2072 590 2104 Deest
614 2076 727 2112 ‚7esse“
754 2072 788 2103 in
813 2072 864 2104 ed.
891 2072 1020 2116 Redep.

271 2129 304 2172 ⁹)
329 2128 416 2160 Edd.
444 2126 492 2160 M.
522 2128 753 2171 »quomodo.“

253 2185 311 2248 ¹⁰3⁴
336 2184 436 2226 Apol.
464 2183 605 2228 Pamph.
629 2184 694 2217 loc.
723 2184 811 2217 laud.
847 2185 1013 2227 „dicimus
1045 2184 1214 2218 observari
1246 2197 1314 2217 non

179 2244 288 2275 posse.

233 2286 285 2329 ¹¹)
312 2284 412 2329 Apol.
439 2284 580 2329 Pamph,
606 2284 672 2318 loc.
700 2285 788 2318 laud.
815 2295 851 2318 ut
876 2299 936 2320 nos
962 2286 994 2318 in
1020 2295 1130 2328 textu,
1165 2284 1199 2317 in
1224 2286 1313 2318 notis
