1404 2463
188 60 256 95 138
667 63 843 96 Druensis

188 150 309 182 mentis
339 164 416 184 suae
448 161 576 193 ageret,
609 162 824 194 cogerentur,
854 161 887 183 et
917 163 979 195 per
1006 150 1115 194 hoc')
1139 150 1241 183 adimi
1264 151 1305 182 ab

189 212 240 244 his
264 212 432 245 videretur
456 213 552 246 liberi
577 214 713 246 facultas
738 213 881 246 arbitrii:
913 212 1004 257 quod
1028 212 1143 256 utique
1167 211 1307 256 qualita-

188 282 256 305 tem
279 274 346 319 jam
373 284 509 307 naturae
534 275 635 319 ipsius
660 275 872 307 immutabat:
898 284 930 306 et
955 273 1077 306 diversi
1099 283 1211 307 motus
1227 286 1305 318 pro-

187 335 291 379 positi
327 349 442 369 earum
471 337 513 370 ad
541 337 638 369 unius
662 337 779 369 mundi
803 335 1053 369 consonantiam
1077 343 1308 380 competenter

187 406 289 442 atque
311 397 439 431 utiliter
461 408 670 443 aptarentur,
695 399 775 431 dum
798 398 882 430 aliae
904 397 1010 442 juvari
1033 397 1200 439 indigent,
1223 395 1306 429 aliae

186 458 299 504 juvare
324 461 525 506 possunt,²)
558 461 641 493 aliae
666 474 744 492 vero
777 460 1030 505 proficientibus
1054 457 1234 491 certamina
1255 450 1306 490 at-

187 534 254 565 que
285 534 406 564 agones
435 532 588 563 movent,
626 522 658 554 in
689 523 808 567 quibus
833 535 951 554 eorum
975 520 1186 566 probabilior
1207 519 1307 551 hahe-

186 592 280 615 retur
308 583 486 624 industria,
523 593 557 616 et
579 584 703 616 certior
725 593 804 629 post
826 583 999 616 victoriam
1022 581 1165 627 reparati
1188 581 1307 623 gradus

186 644 287 677 statio
315 654 503 687 teneretur,
543 659 626 690 quae
657 659 718 690 per
741 646 954 678 difficultates
979 644 1202 677 laborantium
1227 655 1307 676 con-

187 706 336 739 stitisset.

274 768 305 803 3.
352 768 513 811 Quamvis
553 781 630 810 ergo
669 769 701 801 in
733 769 870 801 diversis
901 769 942 802 sit
972 767 1092 800 officiis
1123 767 1306 804 ordinatus,

185 843 255 862 non
281 839 391 862 tamen
420 830 590 862 dissonans
619 840 719 874 atque
749 843 767 862 a
797 843 831 862 se
856 830 1044 874 discrepans
1066 829 1183 861 mundi
1202 827 1307 860 totius

187 890 422 933 intelligendus
447 900 496 923 est
524 900 643 924 status:
679 893 738 924 sed
767 892 853 925 sicut
883 905 1004 936 corpus
1028 900 1179 924 nostrum
1203 902 1308 922 unum

186 967 227 986 ex
250 953 364 986 multis
387 953 546 985 membris
570 962 719 997 aptatum
734 954 767 996 ³)
794 963 859 994 est,
884 963 918 986 et
940 955 981 986 ab
1004 966 1069 985 uua
1093 951 1202 984 anima
1228 964 1307 984 con-

189 1015 330 1055 tinetur,
374 1015 419 1047 ita
439 1015 472 1059 4)
511 1024 544 1047 et
581 1014 773 1047 universum
810 1016 971 1047 mundum
1010 1014 1101 1047 velut
1118 1015 1152 1058 ⁵)
1184 1013 1306 1046 animal

186 1077 359 1121 quoddam
397 1077 599 1109 immensum
640 1086 739 1122 atque
778 1077 920 1108 immane
960 1076 1167 1120 opinandum
1211 1085 1307 1120 puto,

189 1139 281 1183 quod
309 1138 401 1183 quasi
424 1140 465 1170 ab
490 1152 553 1170 una
578 1138 685 1171 anima
710 1138 831 1171 virtute
855 1138 922 1170 Dei
946 1138 1021 1183 (78)
1044 1151 1082 1170 ac
1105 1137 1236 1170 ratione
1258 1146 1309 1169 te—

186 1210 315 1232 neatur.
363 1199 466 1243 Quod
500 1201 598 1232 etiam
629 1214 646 1232 a
670 1210 781 1233 sancta
805 1200 978 1244 Scriptura
1001 1199 1140 1232 indicari
1163 1199 1309 1231 arbitror

187 1274 250 1306 per
279 1261 385 1302 illud,
424 1262 517 1306 quod
550 1262 673 1294 dictum
703 1272 751 1295 est
779 1275 841 1307 per
868 1261 1088 1305 prophetam:
1122 1260 1307 1304 »Nonne⁶)

184 1323 323 1355 coelum
354 1332 387 1355 et
415 1332 538 1355 terram
569 1337 628 1365 ego
663 1325 800 1368 repleo,
834 1323 916 1355 dicit
938 1322 1156 1356 Dominus?«
1191 1331 1225 1354 et
1247 1322 1309 1354 ite·

190 1398 282 1417 rum:
316 1385 526 1428 ›·Coelurn⁷)
551 1385 634 1417 mihi
658 1386 770 1425 sedes,
800 1394 887 1417 terra
909 1394 1020 1416 autem
1043 1384 1225 1417 scabellum
1249 1396 1309 1428 pe—

187 1447 270 1479 dum
300 1450 500 1486 meorum;“
540 1456 572 1479 et
604 1448 692 1491 quod
719 1447 873 1480 Salvator
897 1446 1038 1488 dixit‚⁸)
1071 1458 1145 1477 cum
1171 1445 1216 1477 ait
1239 1457 1307 1477 non

190 1507 366 1552 jurandum
396 1521 522 1552 »neque
547 1522 608 1553 per
632 1508 782 1547 coelum,
806 1508 882 1552 quia
905 1508 998 1539 sedes
1017 1507 1084 1539 Dei
1109 1516 1174 1538 est:
1198 1519 1307 1550 neque

189 1582 251 1613 per
273 1578 412 1609 terram,
449 1570 524 1613 quia
555 1570 735 1602 scabellum
766 1570 891 1614 pedum
916 1568 984 1614 ejus
1009 1572 1088 1601 est.“
1137 1568 1204 1601 Sed
1229 1577 1261 1600 et
1273 1569 1307 1611 ⁹)

190 1630 294 1670 illud,
325 1631 417 1675 quod
440 1630 484 1663 ait
506 1632 646 1673 Paulus,
679 1645 753 1664 curn
777 1632 866 1676 apud
889 1630 1106 1663 Athenienses
1131 1629 1308 1662 conciona-

286 1766 314 1808 ')
337 1766 424 1798 Edd.
449 1767 496 1798 M.
524 1766 607 1797 »hoc
633 1775 664 1798 et
688 1765 821 1798 adimi.“
879 1767 913 1809 ²)
937 1765 1026 1797 Edd.
1049 1765 1098 1798 M.
1123 1765 1305 1808 „possint.“

281 1823 313 1865 ³)
340 1823 389 1854 Ita
420 1822 499 1855 Mss.
524 1822 614 1853 Libri
650 1821 731 1854 editi
755 1825 801 1865 (V.
828 1835 854 1854 c.
880 1823 955 1855 edd.
980 1821 1046 1862 M.)
1073 1823 1240 1866 „aptum.“
1265 1820 1306 1853 R.

190 1932 258 1955 not.
283 1922 336 1956 38.

282 1980 314 2022 ⁵)
339 1979 396 2012 Sic
426 1979 505 2011 Mss.
539 1979 572 2010 ln
603 1988 697 2010 antea
729 1978 825 2011 editis
859 1979 905 2023 (v.
937 1993 963 2011 c.
989 1979 1064 2012 edd.
1090 1978 1156 2022 M.)
1189 1978 1308 2009 desunt

190 2026 307 2057 verba:
334 2025 551 2065 „immensum
575 2028 705 2067 atque-3⁴
732 2024 769 2056 R.

281 2081 315 2124 6)
339 2081 462 2113 Jerem.
488 2080 613 2119 XXlll,
637 2080 690 2114 2-1.
797 2081 829 2124 ⁷)
852 2078 951 2113 Jesai.
976 2079 1095 2118 LXVl,
1120 2079 1150 2112 1.

281 2136 315 2179 8)
340 2136 443 2168 Deest
468 2136 499 2167 in
526 2136 621 2167 editis
639 2138 682 2178 (v.
702 2150 727 2169 c.
748 2137 823 2169 edd.
842 2136 919 2180 M),
943 2137 1001 2168 sed
1019 2135 1159 2168 habetur
1175 2133 1208 2166 in
1226 2134 1307 2167 Mss.

189 2180 328 2223 „dixit.“
353 2181 394 2213 R.
419 2201 461 2205 —·
487 2180 555 2214 Csr.
581 2181 696 2213 Matlh.
723 2183 761 2220 V,
785 2181 840 2216 34.

284 2237 318 2282 ⁹)
343 2238 448 2270 Deest
473 2241 546 2278 „est‘
573 2236 607 2269 in
631 2237 681 2270 ed.
706 2238 753 2271 M.
779 2237 802 2268 l.

281 1878 315 1920 4)
341 1877 409 1910 Cfr.
434 1877 532 1909 Plato
569 1877 600 1909 in
627 1878 765 1910 Timaeo
798 1877 875 1911 coll.
906 1878 958 1911 ed.
981 1877 1110 1921 Redep.
1133 1890 1206 1922 pag.
1231 1875 1305 1911 161.
