1404 2463
154 69 198 105 52
633 71 807 105 Omenms

153 162 266 194 Deum
296 168 427 205 patrem
458 159 612 193 fatentur.
667 161 923 195 Observandum
959 174 1103 207 namque
1140 173 1199 204 est,
1242 177 1284 198 ne

154 223 227 268 quis
250 222 396 255 incurrat
418 220 452 253 in
475 220 549 253 illas
573 223 729 256 absurdas
759 223 888 256 fabulas
921 236 1055 263 eorum,
1088 225 1146 269 qui
1170 226 1284 270 prola-

154 285 263 317 tiones
288 284 447 329 quasdam
470 283 534 316 sibi
557 283 636 328 ipsis
661 285 863 329 depingunt,
896 294 933 317 ut
962 285 1108 318 divinam
1133 297 1284 320 naturam

154 347 188 379 in
212 356 322 391 partes
347 355 479 385 vocent,
504 355 538 378 et
560 346 673 378 Deum
697 356 827 391 patrem
859 356 1019 392 quantum
1046 348 1079 380 in
1103 360 1138 380 se
1163 357 1212 380 est
1236 348 1288 380 di-

157 409 328 452 vidant,¹)
360 421 436 440 cum
468 407 533 440 hoc
569 409 610 440 de
641 408 844 453 incorporea
873 418 988 441 natura
1015 409 1067 441 vel
1091 408 1211 442 leviter
1233 423 1291 456 ⁵¹¹ss

154 471 294 514 spicari,
323 482 391 502 non
420 469 530 502 solum
563 479 728 502 extremae
761 469 943 514 impietatis
967 471 1019 510 sit,
1045 483 1161 503 verum
1186 471 1287 503 etiam

156 533 293 564 ultimae
324 530 554 575 insipientiae,
585 544 647 563 nec
679 531 817 564 omnino
852 532 893 564 ad
925 532 1183 574 intelligentiam
1208 546 1289 565 con-

155 607 307 639 sequens,
332 602 370 625 ut
392 593 615 637 incorporeae
647 602 786 625 naturae
810 594 1034 626 substantialis
1059 594 1181 626 divisio
1207 607 1287 638 pos-

155 656 197 688 sit
221 654 373 697 intelligi.
420 654 526 696 Magis
552 667 631 697 ergo
655 654 742 687 sicut
765 654 918 688 voluntas
942 655 1098 700 procedit
1123 669 1140 688 e
1164 665 1288 694 mente,

156 728 189 751 et
212 730 322 762 neque
346 726 478 762 partem
501 716 646 760 aliquam
670 718 791 750 mentis
815 727 916 757 secat,
939 730 1049 762 neque
1073 718 1115 750 ab
1133 730 1171 750 ea
1195 730 1290 762 sepa-

155 791 258 820 ratur,
283 789 339 812 aut
364 777 542 811 dividitur:
575 778 634 810 tali
660 778 802 822 quadam
826 779 938 824 specie
962 780 1130 824 putandus
1155 788 1204 811 est
1227 779 1290 811 Pa-

154 852 206 875 ter
229 841 358 874 Filium
383 839 545 882 genuisse,
568 838 748 881 imaginem
772 839 902 873 scilicet
925 853 1029 882 suam,
1053 849 1090 873 ut
1108 840 1195 873 sicut
1217 840 1288 885 ipse

154 902 332 936 invisibilis
357 910 405 933 est
428 913 490 945 per
511 910 683 941 naturam,
707 901 753 933 ita
777 901 957 944 imaginem
982 914 1117 947 quoque
1140 900 1292 934 invisibi-

155 967 223 999 lem
247 962 407 1007 genuerit.
454 963 604 994 Verbum
629 961 718 994 enim
751 972 799 995 est
823 964 900 1008 (56)
925 964 1053 1004 Filius,
1079 973 1111 996 et
1135 963 1213 996 ideo
1238 964 1289 996 ni-

155 1027 202 1060 hil
227 1027 260 1059 in
287 1038 327 1058 eo
352 1023 511 1057 sensibile
534 1023 791 1065 intelligendum
816 1033 875 1057 est.
917 1025 1088 1070 Sapientia
1114 1035 1173 1066 est,
1198 1035 1231 1058 et
1254 1025 1289 1058 in

155 1087 318 1134 sapientia
342 1086 426 1119 nihil
451 1098 656 1130 corporeum
679 1085 916 1130 suspicandum
942 1096 998 1120 est.
1039 1087 1169 1119 Lumen
1181 1088 1214 1132 ²)
1240 1097 1289 1120 est

156 1164 291 1188 verum,
327 1148 420 1192 quod
450 1147 622 1179 illuminat
653 1159 789 1179 omnem
825 1147 996 1179 hominem
1034 1148 1222 1181 venientem
1253 1149 1287 1181 in

155 1215 243 1246 hunc
269 1211 449 1247 mundum,
480 1209 539 1241 sed
571 1207 654 1240 nihil
686 1209 786 1240 habet
818 1221 996 1241 commune
1021 1209 1061 1241 ad
1086 1208 1168 1242 solis
1193 1209 1288 1255 hujus

154 1276 279 1308 lumen.
327 1273 440 1313 Imago
466 1283 544 1312 ergo
570 1279 620 1302 est
641 1269 817 1302 invisibilis
830 1270 897 1302 Dei
921 1270 1026 1315 patris
1045 1272 1200 1305 Salvator
1225 1284 1288 1303 no—

155 1345 233 1375 ster,
259 1333 467 1379 quantum3)
491 1333 533 1364 ad
557 1331 667 1376 ipsum
692 1331 828 1375 quidem
853 1332 988 1364 Patrem
1013 1332 1152 1366 veritas:
1183 1345 1282 1378 quan—

155 1457 249 1493 patre
273 1446 434 1479 infectum
461 1446 563 1476 esse.“
612 1442 738 1476 Melius
763 1452 851 1476 certe
875 1443 1034 1476 Rufinus:
1067 1443 1173 1485 „nihil
1196 1444 1288 1487 inge-

156 1494 275 1531 nitum,
299 1491 333 1523 id
359 1500 408 1523 est
431 1490 599 1527 innatum,
622 1498 756 1533 praeter
778 1488 890 1521 solum
914 1489 1027 1521 Deum
1051 1489 1218 1523 Patrem.“
1246 1491 1287 1523 R.

253 1538 283 1580 ¹)
309 1536 395 1569 Edd.
421 1535 470 1567 M.
498 1534 706 1575 „dividunt.“
802 1534 835 1576 ²)
865 1533 926 1566 Ev.
951 1535 1072 1567 Joann.
1098 1535 1123 1574 Ῐ,
1148 1535 1180 1569 9.

250 1593 283 1635 ³)
309 1593 508 1635 Suspectam
538 1589 651 1622 Rufini
682 1589 784 1621 fidem
816 1589 881 1622 hoc
915 1590 993 1622 loco
1018 1591 1128 1623 facere
1159 1590 1289 1635 possint

158 1651 240 1684 quae
265 1637 383 1670 scribit
407 1635 545 1669 Hieron.
572 1648 627 1679 ep.
653 1635 695 1666 ad
711 1634 800 1666 Avit.
826 1635 914 1679 (pag.
929 1634 1034 1678 761.),
1061 1636 1183 1668 docere
1210 1636 1288 1669 Ori-

157 1697 292 1726 genem:
320 1681 486 1723 „Filium‚
518 1680 575 1724 qui
604 1680 648 1712 sit
678 1679 786 1721 imago
812 1679 988 1712 invisibilis
1011 1680 1125 1724 patris,
1151 1694 1287 1726 compa-

158 1739 266 1761 ratum
299 1726 402 1772 patri,
435 1739 504 1758 non
536 1737 606 1757 esse
638 1724 829 1756 veritatem:
861 1726 951 1769 apud
976 1738 1037 1758 nos
1062 1735 1194 1767 autem,
1228 1726 1285 1771 qui

157 1775 222 1806 Dei
249 1769 491 1816 omnipotentis
519 1783 587 1802 non
613 1782 790 1814 possumus
814 1770 966 1813 recipere
992 1771 1178 1810 veritatem,
1203 1771 1287 1804 ima-

156 1819 315 1860 ginariam
340 1816 514 1848 veritatem
538 1814 661 1847 videri:
693 1824 730 1846 ut
758 1814 910 1859 majestas
935 1828 972 1848 ac
995 1816 1191 1857 magnitudo
1216 1829 1286 1849 ma-

154 1864 247 1908 joris,
271 1861 524 1907 quodammodo
550 1859 800 1903 circumscripta
824 1860 984 1892 sentiatur
1006 1860 1040 1893 in
1057 1861 1149 1893 filio:
1172 1862 1286 1894 Deum

154 1919 284 1953 patrem
310 1920 379 1939 esse
404 1907 518 1937 lumen
533 1904 893 1948 incomprehensibilm
918 1906 1087 1939 Christum
1102 1906 1286 1940 collatione

155 1955 257 1998 patris
281 1952 496 1996 splendorem
522 1962 591 1982 esse
614 1963 828 1993 perparvum,
854 1950 910 1994 qui
935 1951 1023 1994 apud
1049 1964 1110 1984 nos
1133 1965 1197 1995 pro
1222 1951 1286 1984 im-

155 1998 339 2031 becillitate
362 2005 475 2028 nostra
499 2007 635 2036 magnus
660 2007 729 2026 esse
755 1995 936 2026 vider-tun«
987 1996 1055 2029 Sed
1088 1996 1163 2029 vide
1187 2006 1283 2029 notas

157 2045 198 2076 ad
224 2042 454 2083 Origeniannr.
481 2040 538 2073 lib.
565 2041 604 2071 ll.
631 2049 756 2083 quaest.
783 2040 823 2073 ll.
853 2054 946 2073 num.
972 2040 1003 2075 8.
1038 2050 1069 2073 et
1097 2041 1148 2075 16.
1174 2042 1214 2074 R.
1239 2062 1284 2066 —-

157 2090 232 2120 Non
257 2089 380 2131 absque
405 2085 486 2130 jure¹
511 2094 548 2117 ut
572 2084 720 2125 videtur,
746 2085 794 2117 his
819 2086 928 2118 verbis
954 2085 1088 2130 adjungi
1112 2099 1210 2130 posse
1236 2087 1284 2119 vi-

155 2134 252 2165 detur
282 2133 503 2173 fragmentum
537 2142 711 2171 graecum,
748 2130 781 2162 in
814 2131 864 2163 ed.
899 2132 1026 2175 Redep.
1059 2141 1177 2175 quarto
1202 2131 1281 2164 loco

155 2180 243 2222 (pag.
269 2178 300 2210 4.
323 2178 410 2220 seq.)
443 2175 673 2220 propositum,
713 2176 996 2220 depromtumque
1028 2189 1066 2208 ex
1099 2175 1200 2220 epist?
1220 2177 1281 2208 Ju-

152 2222 284 2256 stiniani
309 2223 350 2254 ad
376 2222 532 2253 mennam
558 2219 738 2253 patriarch.
771 2221 944 2255 Constant.
977 2221 1104 2264 (Mansi
1133 2222 1280 2266 ampliss,

154 2269 286 2309 collect.
313 2266 495 2300 Concilior.
521 2266 620 2297 Tun..
646 2266 725 2310 IX.)
755 2278 828 2309 pag.
853 2266 928 2301 525.
965 2267 1136 2308 Leguntur
1167 2276 1277 2299 nutem
