1404 2463
163 91 206 126 42
638 90 814 123 Omessms

162 193 260 212 num:
294 179 385 212 aliud
417 192 518 222 genus
550 179 759 219 immortale,
802 181 879 223 et¹)
916 179 1163 220 intellectuale,
1201 180 1294 224 quod

162 254 252 273 nune
283 241 433 273 divinum
467 241 665 274 nominavit.
728 242 804 274 Hoc
837 253 914 283 ergo
946 254 1043 273 sensu
1075 240 1188 273 divino
1224 253 1295 273 non

164 303 354 341 oculorum,
378 303 436 335 sed
462 303 572 336 cordis
597 303 726 343 mundi,
751 316 836 348 quae
862 312 910 335 est
934 315 1045 340 mem,
1068 302 1162 334 Deus
1187 301 1294 334 videri

162 365 204 396 ab
228 364 295 404 his,
329 363 387 409 qui
411 363 502 406 digni
526 373 622 404 sunt,
645 374 769 409 potest.
817 364 888 397 Cor
910 377 987 397 sane
1011 376 1074 407 pro
1100 372 1231 403 mente,
1259 363 1295 395 id

163 435 228 466 est,
252 439 316 471 pro
339 425 561 458 intellectuali
584 427 706 459 virtute
731 425 895 459 nominari
920 425 954 458 in
980 424 1136 458 omnibus
1152 425 1296 469 scriptur

162 487 206 520 ris
230 487 325 520 novis
355 500 393 520 ac
416 487 584 520 veteribus
609 488 862 530 abundanter2)
888 487 1044 519 invenies.
1093 487 1169 519 Hoc
1193 486 1297 528 igitur

163 549 285 588 modo,
310 549 460 593 quamvis
486 550 583 592 longe
608 549 749 581 inferius
769 562 867 593 quam
882 548 1065 592 dignum³)
1091 557 1149 587 est,
1173 556 1294 592 utpote

161 624 224 654 pro
248 609 442 642 infirmitate
466 611 630 643 humanae
654 611 894 653 intelligentiae
928 620 1079 642 naturam
1104 609 1170 642 Dei
1196 608 1295 641 intet-

163 671 320 714 ligentes,
350 685 438 705 nunc
453 672 487 718 ⁴)
513 672 593 718 quid
619 672 684 706 sibi
708 672 790 705 velit
813 685 938 705 nomen
963 671 1087 705 Christi
1111 670 1294 703 videamus.

369 988 609 1028 CAPUT
669 988 1087 1029 SECUNDUM.

611 1087 840 1121 DeChristo.

255 1179 282 1213 1.
332 1178 447 1210 Primo
473 1177 559 1210 illud
584 1191 645 1210 nos
671 1187 808 1222 oportet
831 1177 934 1218 scire,
965 1178 1057 1222 quod
1072 1178 1105 1223 ⁵)
1129 1178 1220 1210 aliud
1246 1186 1295 1211 est

162 1242 195 1274 in
222 1240 355 1273 Clu-isto
382 1239 513 1271 deitatis
539 1240 609 1285 ejus
633 1249 760 1279 natura,
786 1240 879 1284 quod
905 1248 954 1272 est
978 1239 1169 1282 unigenitus
1185 1239 1297 1272 Filius

162 1302 287 1342 Patris3
313 1310 345 1334 et
368 1300 432 1332 alia
458 1301 598 1333 humana
624 1311 751 1339 natura,
777 1314 875 1345 quam
900 1300 934 1333 in
959 1301 1148 1334 novissimis
1161 1310 1295 1346 tempo-

161 1365 252 1396 ribus
274 1376 337 1407 pro
363 1362 611 1406 dispensatione
634 1361 791 1405 suscepit.
838 1362 986 1406 Propter
998 1363 1091 1407 quod
1112 1363 1295 1396 videndum

162 1426 274 1471 primo
303 1433 362 1464 est,
388 1424 468 1468 quid
494 1424 534 1455 sit
557 1423 746 1465 unigenitus
770 1422 880 1456 Filius
898 1424 976 1463 Dei,
1000 1424 1056 1468 qui
1080 1425 1196 1457 multis
1221 1425 1296 1470 qui-

163 1489 240 1520 dem
268 1496 300 1519 et
325 1485 463 1518 diversis
488 1485 680 1517 nominibus
705 1499 767 1530 pro
790 1486 899 1524 rebus,
925 1487 976 1518 vel
995 1486 1213 1530 opinionibus
1237 1500 1297 1531 ap-

163 1547 361 1593 pellantium
393 1557 615 1591 nuncupatur.
661 1547 833 1591 Sapientia
866 1560 1010 1592 namque
1041 1547 1180 1586 dicitur.
1211 1548 1298 1582 sicut

164 1620 197 1643 et
221 1610 386 1644 Salomon
418 1609 519 1642 dixit:
554 1609 786 1653 „Dominus⁶)
819 1608 944 1641 creavit
974 1622 1028 1641 me
1058 1609 1193 1642 initium
1228 1611 1296 1643 via-

163 1685 238 1704 rum
271 1684 423 1712 suarmu,
463 1680 496 1703 et
526 1670 560 1703 in
586 1684 689 1715 opera
713 1670 788 1710 sua,
825 1658 1124 1715 antequamaliud
1157 1673 1295 1712 faceret,

164 1744 240 1766 ante
278 1733 410 1766 saecula
441 1733 594 1765 fundavit
633 1746 697 1765 me.
752 1734 788 1765 ln
819 1732 917 1765 initio
949 1733 1144 1778 priusquam
1171 1743 1296 1766 terram

261 1857 292 1900 ¹)
317 1854 374 1888 Sic
400 1854 475 1886 edd.
501 1855 565 1894 M„
591 1854 705 1899 itemq.
730 1856 771 1890 R.
796 1855 828 1888 in
854 1864 963 1895 textu3
996 1856 1129 1887 Ruaeus
1155 1869 1235 1888 vero
1259 1856 1295 1890 in

165 1900 272 1933 notis:
303 1900 567 1941 „Desiderantur
591 1899 624 1931 in
649 1901 729 1934 Mss.
755 1902 874 1933 verba:
899 1908 930 1934 et
953 1902 1218 1935 intellectuale.“

257 1958 290 2001 ²)
316 1956 373 1989 Sic
399 1956 480 1989 Mss.
510 1955 600 1988 Alias
625 1958 671 1999 (v.
689 1969 716 1988 e.
731 1957 765 1989 in
783 1958 858 1990 edd.
875 1957 941 2001 M.)
958 1957 1233 1998 „abundantius.“
1249 1960 1288 1994 R.

255 2013 289 2056 ³)
314 2013 401 2046 Edd.
427 2012 477 2046 M.
503 2013 642 2054 „dignus
668 2017 749 2045 est.“

257 2068 290 2112 ⁴)
316 2067 373 2101 Sic
391 2068 471 2101 Mss.
490 2068 624 2112 (itemq.
639 2070 714 2102 edd.
734 2070 800 2113 Μ.)
827 2070 935 2103 Alias:
955 2079 1055 2110 „tunc
1069 2069 1172 2114 quid“
1187 2080 1249 2104 etc.
1262 2073 1292 2105 R

259 2128 292 2167 ὖ)
317 2123 374 2159 Sic
398 2123 478 2157 Mss.
508 2125 597 2156 Alias
622 2129 668 2169 (v.
695 2140 721 2160 c.
748 2127 780 2158 in
806 2127 882 2159 edd.
907 2127 971 2168 Μ.)
998 2127 1112 2170 „quod
1135 2126 1198 2159 alia
1223 2129 1293 2171 (ed.

168 2170 214 2202 M.
241 2170 265 2202 1.
291 2170 402 2212 aliud)
430 2180 478 2201 est
504 2191 542 2196 —
568 2181 704 2212 natura,
737 2185 821 2217 quae
854 2181 903 2205 cst
935 2189 975 2196 --
1007 2172 1132 2214 Patris;
1166 2181 1199 2205 et
1230 2173 1293 2206 alia

167 2216 319 2254 humana,
345 2220 464 2258 quarw‘
492 2225 554 2248 etc.
579 2218 618 2250 R.

251 2270 295 2315 .⁶)
322 2271 390 2304 cfr.
415 2270 514 2307 prov.
541 2273 632 2313 vm,
655 2274 811 2309 22-25.
