1404 2463
149 98 215 134 236
396 102 406 109 ”
626 94 799 129 Omssnms

152 186 286 220 occulta
309 184 496 225 hominum,
520 185 704 217 secundum
730 182 937 226 evangelium
953 195 1066 216 meum
1082 196 1144 228 per
1158 184 1272 217 Jesum

153 248 354 281 Christum.“
401 247 450 280 Ex
482 259 548 291 quo
582 244 797 289 intelligitur,
832 246 924 290 quod
956 244 1043 277 circa
1074 244 1179 289 ipsam
1205 244 1275 278 aui-

151 325 227 344 mae
257 310 472 344 substantiam
503 317 669 341 tormenta
701 308 862 353 quaedam
893 320 931 340 ex
956 307 1035 352 ipsis
1058 315 1274 352 peccatorum

153 373 258 406 noxiis
283 372 459 405 affectibus
483 379 689 412 generantur.

243 435 271 468 5.
319 434 362 466 Et
386 446 427 465 ne
452 432 528 465 satis
552 431 613 465 tibi
639 431 734 477 hujus
759 431 808 464 rei
831 431 1020 463 intellectus
1045 429 1193 462 difficilis
1217 442 1276 474 ap·
1320 425 1322 427 v

154 505 284 542 pareat,
318 494 519 528 considerari
550 493 709 538 possibile
742 502 789 525 est
820 506 857 525 ex
888 492 937 524 his
961 492 1154 536 passionum
1180 489 1302 531 vitiis,⁴

155 572 238 604 quae
264 558 433 591 animabus
457 555 607 588 accidere
632 555 751 595 solent,
776 554 809 586 id
827 555 856 598 ¹)
882 563 941 593 est,
966 567 1040 586 cum
1066 552 1118 584 vel
1136 551 1276 584 flammis

154 620 276 652 amoris
301 618 449 651 exuritur
471 617 591 659 anima,
624 617 675 648 vel
701 616 775 655 zeli,
800 616 853 647 vel
879 615 992 648 livoris
1016 614 1144 656 ignibus
1168 626 1278 646 mace-

154 691 265 721 ratur,
290 689 345 713 aut
370 692 444 711 cum
457 679 491 723 ²)
517 678 564 710 ira
591 678 749 720 agitatur,
774 678 827 709 vel
853 691 928 709 cum
952 675 1114 717 insaniae,
1142 675 1196 707 vel
1219 674 1277 707 tri—

155 743 263 776 stitiae
288 740 508 774 immensitate
535 739 751 779 consumitur,
776 739 950 784 quomodo
974 739 1094 770 horum
1113 737 1277 770 malorum

155 804 340 837 nimietates
365 800 524 846 aliquanti
541 801 798 833 intolerabiliter
814 802 968 840 serentes,
992 809 1136 832 mortem
1153 799 1278 839 subire,

156 879 255 911 quam
279 863 511 909 hujuscemodi
536 863 699 895 cruciatus
723 862 865 906 perpeti,
889 862 1098 894 tolerabilius
1122 862 1278 894 habuere.

155 927 362 972 Requires3)
388 937 465 957 sane
489 924 516 956 si
541 924 608 964 his,
642 924 699 968 qui
712 923 745 968 ⁴)
770 923 928 956 vitiorum
952 924 1049 956 malis
1072 923 1159 963 istis,
1196 934 1279 967 quae

156 1002 255 1033 supra
279 986 440 1026 diximus,
475 985 595 1018 irretiti
619 995 710 1025 sunt,
741 998 804 1017 nec
829 985 1072 1018 emendationis
1096 983 1222 1029 aliquid
1245 983 1280 1015 in

157 1052 216 1082 hac
248 1050 314 1081 vita
346 1049 453 1080 adhuc
485 1047 585 1092 positi
622 1058 815 1091 comparare
850 1047 984 1079 sihimet
1013 1054 1212 1091 potuerunt,
1248 1053 1280 1076 et

157 1113 202 1145 ita
234 1125 271 1144 ex
304 1111 368 1143 hoc
401 1110 527 1142 mundo
564 1110 847 1153 abscesserunt,⁵)
871 1109 1015 1141 sufficiat
1037 1107 1104 1140 illis
1129 1108 1170 1140 ad
1197 1119 1280 1151 poe—

157 1188 244 1213 nam,
270 1173 361 1218 quod
386 1172 450 1204 illis
475 1171 553 1216 ipsis
578 1170 835 1216 perdurantibus
859 1170 892 1203 in
918 1183 952 1202 se
976 1169 1082 1202 noxiis
1105 1168 1281 1202 affectibus

158 1236 362 1274 cruciantur,
386 1233 421 1266 id
446 1242 512 1274 est,
537 1233 589 1264 vel
613 1233 697 1272 irae,
723 1233 775 1265 vel
800 1232 940 1272 furoris,
965 1232 1018 1263 vel
1042 1231 1203 1270 insaniae,
1229 1231 1281 1263 vel

158 1296 341 1335 moeroris,
376 1308 519 1339 quorum
552 1296 668 1339 utique
697 1294 910 1327 mortiferum
935 1294 1022 1326 virus
1045 1294 1139 1326 nullo
1165 1293 1198 1326 in
1222 1292 1281 1325 hac

158 1359 222 1391 vita
249 1356 492 1390 emendationis
517 1356 764 1388 medicamento
790 1356 976 1397 mitigatum
1002 1364 1067 1396 est;
1097 1368 1136 1387 an
1160 1355 1210 1387 his
1234 1355 1281 1387 af-

158 1421 300 1453 fectibus
332 1418 512 1450 immutatis
545 1416 704 1459 generalis
734 1429 863 1461 poenae
897 1416 1041 1449 stimulis
1067 1417 1279 1449 vexabuntur.

160 1484 228 1517 Sed
262 1492 293 1514 et
323 1480 465 1521 aliamss)
497 1478 743 1523 suppliciorum
779 1477 926 1521 speciem
964 1477 1106 1519 intelligi
1139 1478 1282 1510 arbitror

160 1558 276 1590 posse,
324 1542 400 1587 quia
438 1543 523 1574 sicut
562 1539 742 1584 quidem⁷)
783 1539 942 1572 sentimus
981 1540 1091 1572 soluta
1129 1539 1282 1584 corporis

160 1608 329 1646 membra,
362 1614 460 1648 atque
485 1616 501 1635 a
526 1602 590 1634 suis
616 1601 757 1634 invicem
783 1600 954 1645 divulsass)
981 1601 1196 1645 compagibus
1220 1601 1282 1634 im-

258 1776 287 1819 1)
313 1775 361 1806 lta
387 1773 466 1806 Mss.
503 1773 538 1804 ln
573 1770 670 1802 editis
707 1771 753 1812 (v.
787 1783 813 1802 c.
845 1770 919 1802 edd.
944 1769 1007 1814 M.)
1039 1770 1176 1812 legitur:
1225 1771 1281 1812 „id

164 1831 221 1862 est,
246 1834 321 1854 curn
345 1817 486 1851 flammis
512 1816 658 1848 exuritur
681 1828 799 1854 amma,
825 1815 877 1847 vel
902 1815 986 1846 zeli“
1013 1824 1073 1849 etc.
1099 1816 1137 1849 R.

254 1877 288 1920 ²)
313 1877 364 1908 Ita
386 1875 467 1907 Blss.
496 1872 585 1906 Alias
609 1872 652 1915 (v.
680 1885 705 1904 c.
730 1871 765 1903 in
790 1871 865 1904 edd.
890 1871 956 1914 M.)
988 1884 1086 1912 „cum
1115 1871 1183 1905 irae
1215 1873 1284 1915 agi-

162 1933 250 1956 tatur
272 1919 408 1960 insania,
433 1919 486 1950 vel
509 1917 661 1951 tristitiae
686 1916 907 1949 immensitate
925 1917 1149 1949 consumitur:
1174 1931 1283 1963 quon-

163 1970 228 2001 iam
253 1968 373 1999 horum
398 1964 563 1996 malorum
590 1962 725 1996 durities
750 1963 841 2006 (edd.
868 1962 913 1994 M.
932 1963 1097 2004 duritias)
1123 1961 1284 2008 aliquanti

163 2010 422 2046 intolerabiliter
460 2009 603 2040 {erentes
640 2007 728 2040 mori
767 2007 817 2051 (iu
848 2007 922 2038 edd.
955 2007 1005 2040 M.
1036 2008 1142 2040 deest:
1180 2009 1282 2053 mori)

164 2071 262 2104 quam
287 2054 539 2101 hujuscemodi«
566 2063 628 2087 etc.
655 2055 692 2086 R.
781 2052 815 2095 3)
842 2051 930 2084 Edd.
955 2052 1004 2085 M.
1031 2052 1236 2097 »Requiris,«

255 2113 288 2157 ⁴)
313 2112 376 2144 Ed.
401 2110 448 2142 M.
474 2110 499 2142 I.
527 2114 663 2154 „quae.“
767 2110 800 2152 5)
824 2108 910 2141 Edd.
937 2109 983 2140 M.
1009 2110 1281 2150 „abscesserant.“

256 2169 289 2211 Ε)
317 2167 375 2200 Sic
398 2164 480 2197 Mss.
506 2165 594 2197 Alias
620 2166 667 2209 (v.
692 2179 718 2198 c.
744 2166 778 2198 in
803 2166 878 2199 edd.
904 2164 971 2210 Μ.)
999 2165 1193 2198 »aliorum.“
1219 2166 1257 2198 R.

257 2227 290 2268 2)
316 2224 422 2255 Deest
448 2221 622 2265 »quidem«
649 2221 683 2253 in
708 2223 782 2255 edd.
807 2222 854 2254 ΙἯ.

258 2282 291 2326 ⁵)
316 2280 403 2312 Edd.
430 2279 476 2311 Μ.
505 2278 667 2319 „avulsa.«
