1404 2463
169 85 236 120 218
647 88 822 120 Omusssis

171 175 314 207 tim-ibus
338 175 463 214 induta,
480 176 510 216 ¹)
538 185 569 207 vt
593 176 624 207 in
650 175 699 208 his
722 176 800 220 ipsis
819 176 942 207 multae
960 175 1169 207 differentiae
1187 185 1297 206 osten-

171 238 310 269 duntur:
349 235 452 276 sicut,
486 237 575 268 verbi
604 250 716 276 causa,
750 237 849 269 etiam
873 236 1048 280 apostolus
1074 236 1172 275 dicit,
1205 237 1294 280 quod

173 298 302 342 „alia²)
327 297 369 330 sit
393 297 498 339 gloria
522 299 613 336 solis„
639 298 701 330 alia
727 299 836 338 lunae,
861 299 924 330 alia
941 297 1090 342 gloria3)
1108 299 1297 330 stellarum:

172 361 267 393 stella
297 360 384 392 enim
420 373 436 392 a
467 360 562 392 stella
589 360 704 392 differt
729 360 761 392 in
775 361 807 403 4)
833 360 969 401 gloria.«
1020 359 1193 403 Quaedam
1217 371 1297 391 vero

172 433 302 454 terrena
336 421 507 460 dIcuntur‚
541 431 573 453 et
604 422 689 454 inter
713 422 780 465 ipsa
806 435 872 453 nun
899 435 998 466 parva
1024 431 1071 453 est
1095 420 1298 459 differentia,

174 483 207 515 id
223 484 253 527 ὁ)
280 493 339 521 est,
364 483 449 514 inter
474 482 640 514 homiues:
665 482 720 514 alii
746 496 887 527 namque
914 496 1031 515 eorum
1057 483 1132 527 (98)
1150 481 1305 520 Barbari,·

173 545 229 577 alii
255 545 392 578 Graeci:
428 554 460 576 et
484 544 708 576 Barbarorum
735 545 868 588 quidam
895 545 1053 577 immanes
1079 554 1110 576 et
1136 544 1219 583 sei-i,
1241 543 1299 576 alii

174 607 332 639 mitiores.
382 607 424 638 Et
456 605 590 649 quidam
617 606 751 650 quidem
779 607 907 647 legibus
932 606 1176 650 probatissimis
1200 615 1299 638 utun—

173 680 244 707 tur,
269 668 324 700 alii
351 668 542 706 vilioribus,
569 668 619 699 vel
645 668 886 712 asperioribus,
911 669 966 700 alii
991 680 1125 712 quoque
1150 667 1299 700 inhuma-

171 731 220 763 nis
244 741 276 762 et
302 730 414 762 ferinis
440 730 540 770 magis
567 730 726 768 moribus,
753 743 850 774 quam
881 730 1006 772 legibus
1023 738 1171 762 utuntur.
1208 729 1298 771 Et⁶)

172 792 308 837 quidam
342 791 478 835 quidem
508 791 665 835 statim7)
693 793 733 823 ab
765 791 861 823 initio
887 791 1065 823 nativitatis
1089 804 1166 823 suae
1191 790 1301 823 humi-

175 855 299 886 liantur
331 863 364 885 et
387 852 528 897 subjecti
554 862 648 890 sunt,
679 866 717 884 ac
743 853 907 885 serviliter
932 854 1133 892 educantur¹
1163 853 1217 885 vel
1239 853 1301 885 sub

175 915 335 953 dominis,
367 915 419 946 vel
450 915 511 946 sub
546 913 753 958 principibus
786 914 944 958 positi,⁵³)
971 915 1024 946 vel
1049 913 1211 961 tyrannis,
1243 913 1299 946 alii

176 990 253 1009 vero
287 976 424 1009 liberius
449 985 482 1008 et
505 976 736 1008 rationabilius
762 976 959 1014 educamur,
990 975 1046 1008 alii
1071 976 1156 1008 sanis
1180 989 1302 1020 corpo-

174 1039 276 1077 ribus,
302 1038 456 1070 nonnulli
483 1038 587 1079 aegris
611 1037 723 1070 statim
748 1051 765 1069 a
790 1038 895 1081 prima
921 1046 1039 1076 aetate,
1062 1038 1121 1069 alii
1138 1038 1220 1078 visu,
1243 1038 1300 1070 alii

174 1100 288 1133 auditu
315 1109 349 1132 et
372 1112 454 1131 voce
481 1099 629 1143 dei-epti,
655 1098 810 1131 nonnulli
834 1099 877 1131 ita
903 1097 988 1137 nati,
1012 1098 1067 1131 alii
1090 1099 1201 1131 statim
1225 1108 1302 1143 pust

175 1162 381 1194 nativitatem
406 1160 639 1204 hujuscemodi
663 1160 813 1193 sensibus
837 1160 1034 1199 defraudati,
1059 1161 1110 1193 vel
1127 1170 1216 1193 certe
1236 1160 1302 1206 jam

176 1224 289 1256 adulta
315 1232 421 1255 aetate
447 1223 512 1255 tale
529 1222 657 1266 aliquid
675 1222 772 1266 passi.
797 1222 841 1255 Et
864 1222 946 1266 quid
963 1223 1066 1255 refert
1081 1223 1255 1254 revolvere
1268 1222 1301 1265 ⁹)

176 1298 229 1317 me
261 1297 377 1317 omnes
409 1293 507 1328 atque
541 1296 735 1316 enumerare
768 1284 987 1317 humanarum
1019 1284 1129 1317 clades
1154 1284 1301 1316 miseria-

176 1359 266 1385 rum,
298 1360 315 1378 a
340 1345 459 1390 quihus
485 1346 541 1377 alii
567 1345 682 1384 liberi,
715 1345 771 1377 alii
795 1345 939 1378 involuti
964 1356 1058 1386 sunt,
1094 1359 1170 1378 cum
1195 1345 1302 1390 possit

176 1408 402 1452 unusquisque
439 1407 538 1439 etiam
570 1407 657 1451 aqud
690 1417 796 1439 semet
820 1408 927 1451 ipsum
953 1408 1163 1440 considerare
1188 1408 1228 1440 de
1253 1407 1303 1440 his

175 1469 311 1511 singulis
342 1479 441 1513 atque
474 1469 706 1513 perpendere?
745 1470 831 1502 Sunt
861 1479 893 1501 et
923 1470 1085 1514 quaedam
1118 1468 1302 1502 invisibiles

178 1531 330 1568 virtutes,
363 1530 482 1574 quibus
515 1543 599 1574 quae
629 1543 730 1574 super
755 1540 876 1562 terrani
902 1541 989 1570 sunt,
1006 1532 1059 1573 ¹⁰)
1082 1530 1303 1574 dispensanda

177 1591 353 1624 commissa
385 1601 478 1631 sunt;
514 1601 546 1623 ct
576 1605 645 1623 non
672 1604 773 1635 parva
805 1592 904 1624 etiam
938 1592 971 1624 in
1003 1592 1082 1637 ipsis
1113 1592 1301 1624 differentia

177 1653 340 1685 credenda
366 1662 424 1692 est,
448 1653 533 1685 sicut
558 1662 591 1685 et
614 1653 645 1685 in
670 1653 861 1685 hominibus
886 1653 1064 1686 invenitur.
1111 1653 1197 1686 Sane
1220 1666 1304 1697 apo-

275 1787 303 1829 ¹)
329 1785 385 1819 Sic
410 1786 488 1818 Mss.
518 1786 607 1818 Alias
640 1787 686 1830 (v.
712 1800 739 1820 c.
764 1786 796 1818 in
823 1788 897 1819 edd.
925 1787 990 1830 Μ.)
1018 1787 1190 1832 »inclyta«
1218 1787 1258 1820 R.

272 1844 305 1886 Ἰ)
333 1843 343 1872 l
373 1841 451 1874 Cor.
476 1842 550 1880 XV,
575 1842 628 1876 41.
723 1844 756 1886 ³)
782 1843 888 1875 Deest
920 1842 1065 1884 »gloria«
1092 1842 1125 1874 in
1151 1843 1227 1874 edd.
1253 1841 1302 1875 M.

273 1898 305 1941 ⁴)
331 1898 387 1930 Sic
415 1897 492 1930 Mss.
521 1898 609 1930 Alias
634 1900 680 1942 (v.
707 1912 733 1931 c.
752 1898 785 1930 in
803 1899 878 1931 edd.
898 1899 963 1942 M.)
991 1899 1042 1931 »in
1068 1898 1246 1931 claritate.“
1262 1899 1299 1931 R.

272 1955 304 1993 ⁵)
330 1953 386 1986 Sic
419 1953 497 1986 Mss.
529 1954 619 1985 Libri
653 1953 734 1986 editi
767 1956 815 1998 (v.
842 1969 868 1987 c.
893 1955 969 1987 edd.
995 1954 1061 1998 M.)
1088 1954 1194 1995 „sicut
1217 1954 1303 1986 inter

180 1999 362 2031 homines«
392 1999 429 2030 R.
525 2000 558 2041 ⁶)
583 1999 645 2032 Ed.
673 2000 718 2032 M.
748 2000 769 2032 Ι.
798 2000 860 2032 »Et
884 2000 1018 2044 quidem
1043 2001 1237 2044 quaedam.“

273 2056 304 2097 ⁷)
330 2055 433 2085 Deest
460 2054 609 2086 »statim⁸‘
635 2055 666 2087 in
693 2056 767 2088 edd.
794 2055 841 2088 Μ.

271 2113 304 2152 ⁵)
329 2109 391 2142 Ed.
417 2109 463 2141 M.
491 2110 514 2142 Ι.
541 2123 736 2154 perperam:
763 2110 933 2155 „positis.“

272 2166 306 2207 9)
333 2165 417 2199 liaeld.
442 2165 490 2198 M.
516 2167 723 2205 „ev-olveto«

253 2222 304 2264 ¹⁰)
329 2221 415 2252 Edd.
442 2221 488 2253 M.
523 2231 634 2261 „sunt,
676 2231 750 2254 sunt
790 2222 1009 2267 dispensanda
1039 2223 1232 2256 commissa:
1268 2231 1299 2254 ct

184 2281 271 2300 nou«
297 2276 358 2298 etc.
