1404 2463
398 124 441 145 nr:
468 113 658 145 PfflNcwns
682 113 756 145 Lm.
782 114 804 146 ¹.
1098 115 1157 150 121

49 205 151 236 modo
177 203 307 236 videtur
330 203 515 248 appellare:
553 201 749 246 „Vanitns')
776 202 967 244 vanitatum,
992 213 1024 236 et
1048 206 1160 238 omnia

50 265 183 304 vanitas,
207 265 287 297 dixit
312 264 532 297 Ecclesiastes.
579 263 699 296 Omnia
732 264 869 296 vanitas:
902 266 1031 309 respexi
1061 270 1160 309 enim,

50 326 176 371 inquit,
209 337 242 359 et
270 327 333 359 vidi
358 326 524 365 universa,
557 338 640 369 quae
668 326 728 357 sub
753 326 868 370 sole²)
893 336 984 366 sunt,
1015 337 1047 359 et
1072 342 1160 368 ever,

50 388 160 421 omnia
186 388 338 420 vanitas.“
386 387 472 419 Huic
497 399 574 428 ergo
600 385 733 418 vanitati
760 396 907 420 creatura
931 387 1077 433 subjecta
1102 400 1160 429 est,

48 451 105 483 illa
122 451 154 495 ³)
179 450 354 494 praecipue
379 457 543 487 creatura,
577 460 658 492 quae
690 447 804 492 utique
837 449 1016 482 maximum
1040 450 1074 483 in
1098 451 1161 484 hoc

49 513 175 545 mundo
208 522 240 545 et
270 512 434 554 egregium
467 510 577 554 operis
610 509 660 541 sui
697 510 824 542 obtinet
848 510 1093 555 principatum;
1127 512 1162 544 id

47 583 115 613 est,
139 573 191 605 sol
216 582 248 605 et
272 573 346 605 luna
373 582 405 605 et
427 572 541 604 stellae
566 571 699 602 vanitati
722 570 869 616 subjecta
893 572 1065 613 dicuntur,
1089 587 1163 605 cor-

48 635 185 679 poribus
209 635 322 674 indita,
346 643 444 678 atque
459 634 502 665 ‘ad
529 632 739 665 illuminandi
763 633 912 666 officium
937 634 1083 667 humano
1108 648 1162 677 ge-

47 697 118 729 neri
143 697 308 741 deputata.
357 696 420 736 „Et
433 696 466 739 ⁴)
490 708 574 734 non,
603 694 730 739 inquit,
763 694 878 728 volens
911 705 1060 728 creatura
1083 697 1162 730 haec

49 758 182 791 vanitati
206 757 353 803 subjecta
386 761 464 790 est.“
513 759 588 790 Non
621 756 708 788 enim
740 758 909 789 voluntate
940 758 1160 791 exhibendum

46 820 191 863 suscepit
214 818 435 851 ministerium
460 818 604 858 vanitati,
629 819 687 850 sed
712 819 915 863 quoniamf’)
940 819 1076 851 volebat
1091 820 1161 860 ille,

48 882 105 925 qui
121 881 327 925 subjiciebat,
351 889 491 924 propter
509 893 596 919 eum,
620 880 677 924 qui
693 880 844 925 subjecit,
861 881 1111 924 promittentem
1127 883 1161 926 ις)

46 943 112 982 his,
145 943 200 987 qui
230 956 296 975 non
332 942 503 973 voluntate
534 941 665 973 vanitati
687 941 968 986 subdebantur,⁷)
994 944 1083 986 quod
1111 956 1163 975 ex-

46 1005 139 1048 pleto
164 1002 327 1045 magnifici
353 1003 464 1047 operis
488 1002 671 1034 ministerio
697 1003 926 1035 liberabuntur
950 1005 990 1035 ab
1013 1004 1072 1036 hac
1096 1017 1164 1036 ser-

48 1065 150 1096 vitute
176 1063 399 1107 corruptionis
425 1073 457 1096 et
482 1064 651 1104 vanitatis,
683 1077 757 1096 curn
789 1063 1006 1096 redemtionis
1037 1065 1162 1106 gloriae

48 1126 194 1157 filiorum
219 1125 285 1157 Dei
309 1134 439 1168 tempus
455 1125 636 1157 advenerit.
677 1125 752 1168 Qua
769 1138 827 1169 spe
844 1135 989 1169 accepta,
1015 1134 1047 1157 et
1063 1139 1161 1170 quam

48 1186 304 1231 promissionem
331 1187 564 1230 complendam
588 1199 722 1230 sperans
738 1187 892 1218 universa
910 1196 1056 1219 creatura
1080 1200 1161 1219 con-

48 1247 197 1288 gemiscit
220 1260 306 1279 nunc
330 1247 472 1286 interim,
497 1256 615 1291 utpote
644 1247 742 1279 etiam
767 1248 924 1279 affectum
942 1248 1062 1280 habens
1087 1261 1162 1290 erga

48 1321 116 1348 eos,
141 1309 259 1353 quibus
282 1308 454 1346 ministrat,
480 1308 556 1351 εἶθ)
582 1304 740 1339 condolet
763 1315 824 1347 Pel·
846 1309 1054 1349 Patientiam,
1079 1323 1162 1354 quae

46 1371 207 1414 promissa
230 1378 304 1401 sunt
327 1381 470 1412 sperans.
518 1370 650 1401 Intuere
676 1368 775 1401 etiam
792 1369 886 1409 illud,
910 1370 936 1402 si
949 1371 1037 1402 forte
1055 1370 1162 1415 aptari

46 1439 159 1476 potest
180 1430 239 1462 illa
264 1443 326 1461 vox
350 1430 445 1462 Pauli
469 1430 528 1470 his,
553 1431 608 1475 qui
634 1430 713 1462 licet
736 1444 805 1462 non
828 1432 989 1470 volentes,
1013 1445 1075 1475 pro
1102 1446 1162 1464 vo-

47 1492 174 1524 luntate
199 1501 308 1524 tamen
332 1489 412 1534 ejus,
437 1491 493 1536 qui
517 1491 668 1537 subjecit,
693 1501 724 1524 et
737 1505 799 1536 pro
817 1492 1115 1536 repromissionum
1128 1494 1161 1538 ⁹)

142 1640 173 1683 ¹)
198 1638 266 1671 Cfr.
289 1638 418 1671 Eccles.
443 1638 467 1678 Ῐ,
493 1637 520 1671 1.
549 1638 599 1671 14.
693 1639 725 1682 2)
751 1639 836 1672 Edd.
862 1640 909 1672 M.
935 1641 1087 1681 „coelo.“

138 1695 172 1738 ³)
198 1695 233 1727 ln
265 1695 357 1727 libris
390 1693 485 1727 editis
517 1694 562 1738 (ν.
589 1707 615 1726 c.
641 1695 718 1727 edd.
747 1694 810 1738 M.)
842 1696 934 1727 deest
960 1699 1161 1736 „creatura‚“

50 1748 82 1771 et
105 1740 240 1781 legitur:
268 1741 345 1780 „illa
369 1739 559 1791 praecipue,
582 1752 665 1783 quae
689 1739 804 1783 utique
835 1740 1014 1773 maximum
1039 1741 1072 1773 in
1097 1742 1162 1773 hoc

48 1786 174 1818 mundo
201 1785 329 1817 obtinet
353 1784 574 1829 principatum
600 1784 710 1827 operis
734 1798 800 1816 sul:
826 1794 858 1817 et
881 1785 949 1824 illa,
974 1799 1056 1830 quae
1070 1799 1162 1827 egie-

49 1829 110 1871 gia,
135 1830 169 1862 id
194 1839 241 1862 est
263 1830 314 1862 sol
338 1840 370 1862 et
394 1830 490 1862 luna“
518 1838 579 1861 etc.
621 1831 656 1861 ln
683 1829 761 1862 Mss.
787 1829 907 1872 legitur
930 1840 966 1862 ut
990 1844 1023 1862 iu
1045 1840 1161 1863 nostro

49 1884 150 1907 textu.
177 1875 215 1907 R.
309 1874 341 1918 ἰ)
367 1875 434 1908 Cfr.
462 1875 562 1907 Rom.
584 1875 673 1915 vlu,
698 1875 750 1908 20.

142 1931 172 1974 5)
198 1930 254 1963 Sic
278 1930 356 1963 Mss.
380 1929 470 1962 Alias
495 1931 540 1974 (v,
565 1943 592 1962 c.
617 1930 650 1962 in
675 1931 751 1963 edd.
777 1930 841 1975 M.)
868 1933 1075 1976 „quomoda
1080 1935 1096 1951 “
1122 1932 1162 1964 R.

140 1988 174 2030 ὃ)
199 1986 255 2019 Sic
279 1985 359 2018 Mss.
383 1987 420 2018 ln
444 1986 535 2018 libris
561 1986 656 2019 editis
679 1988 724 2030 (v,
744 2000 770 2020 c.
790 1988 865 2021 edd.
883 1988 948 2031 Μ.)
973 2002 1035 2032 pio
1062 2001 1162 2032 „pro-

50 2031 257 2064 mittentem“
284 2032 423 2063 habetur
449 2031 706 2075 „promittens‚“
734 2042 766 2064 et
790 2033 882 2065 deest
907 2033 1073 2074 „vanitati.
1079 2039 1095 2054 “
1121 2034 1160 2065 R.

49 2097 91 2104 υ-
114 2077 200 2109 Edd.
226 2076 273 2109 M.
299 2085 468 2120 praeterea
493 2080 617 2121 „quae“
643 2078 765 2109 habent
788 2091 870 2121 pro:
897 2079 983 2122 „qui
991 2082 1007 2098 “

142 2134 173 2177 ⁷)
198 2133 259 2167 Ed,
286 2132 334 2165 M.
361 2133 383 2165 l.
408 2133 510 2164 male:
539 2134 789 2171 »subdebatur,«

142 2190 177 2234 ⁸)
202 2190 305 2221 Deest
332 2197 400 2220 »ct«
420 2187 461 2220 in
489 2189 563 2221 edd.
588 2190 636 2222 M.

143 2245 176 2289 ⁹)
201 2245 257 2278 Sic
290 2244 370 2277 Mss.
407 2244 499 2277 Libri
530 2245 610 2278 editi
644 2246 688 2290 (v.
714 2259 740 2279 c.
765 2246 839 2279 edd.
866 2246 931 2291 Μ.)
966 2245 1162 2291 »repromis-

51 2290 145 2323 sione
169 2290 271 2334 spei.«
297 2290 336 2322 R
