1404 2463
215 150 259 184 54
692 151 869 185 Omoems

219 238 357 272 luminis
379 240 461 285 pati,
486 253 562 273 cum
579 242 621 274 ab
651 240 691 274 iis
716 240 899 274 dimoverit
923 252 1023 273 omne
1048 240 1139 285 quod
1162 238 1270 271 vinnm
1294 239 1355 272 ob-

217 300 312 333 ducit
335 310 368 333 et
392 301 545 347 impedit,
568 303 752 336 secuudum
767 303 858 348 quod
881 302 1049 334 Dominus
1066 300 1168 334 dixit:
1190 299 1304 346 „Ejice
1320 301 1351 345 ¹)

218 362 348 395 trabem
373 362 415 395 de
440 364 543 396 oculo
566 369 672 397 tuo:“
708 377 844 409 capaces
875 376 932 396 eos
966 361 1070 396 efficit
1099 363 1141 395 ad
1165 361 1350 407 suscipien-

220 424 295 456 dam
321 423 463 466 gloriam
488 425 590 465 lucis,
626 425 726 458 etiam
757 426 792 458 in
816 425 881 458 hoc
906 425 999 457 velut
1022 424 1159 469 quidam
1182 424 1350 457 mediator

219 484 396 518 hominum
421 499 459 519 ac
484 487 568 520 lucis
592 488 743 521 effeetus.
1307 484 1312 486 -

307 546 339 582 8.
387 549 514 580 Verum
544 550 702 594 quoniam
715 549 748 593 ²)
784 561 852 581 non
883 548 995 580 solum
1027 546 1191 591 splendor
1224 546 1351 588 gloriae

221 620 291 640 esse
322 608 492 654 dicitur³)
523 611 564 643 ab
588 612 764 656 apostole,
803 610 862 643 sed
893 618 927 642 et
955 608 1061 651 figura
1092 620 1243 653 expressa
1275 609 1352 640 sub-

220 669 379 708 stantiae,
410 671 463 702 vel
492 671 724 705 subsistentiae
757 671 846 717 eius,
878 683 947 704 non
976 669 1060 702 mihi
1092 669 1227 702 videtur
1249 669 1351 702 otiosi

223 743 293 764 esse
318 731 529 772 intellectus,
560 732 751 772 advertere,
791 733 965 777 quomodo
996 731 1060 764 alia
1090 739 1225 775 praeter
1246 730 1351 775 ipsam

221 792 290 825 Dei
311 793 550 834 substantiam,
582 806 802 838 quaecunque
830 794 889 827 illa
912 792 1094 827 substantia
1118 801 1151 825 et
1173 791 1352 825 subsisten-

221 853 266 887 tia
291 855 433 896 dicitur,
456 855 563 898 figura
585 855 788 889 substantiae
819 856 888 902 ejus
914 869 983 889 esse
1007 855 1148 888 dicatur.
1195 854 1240 886 Et
1263 853 1352 892 vide,

222 928 263 947 ne
287 916 377 949 forte
402 917 561 961 quoniam
586 917 695 950 Filius
722 916 800 958 Dei,
824 918 881 963 qui
905 918 1044 950 verbum
1071 914 1141 961 ejus
1164 924 1198 948 et
1221 915 1352 960 sapien-

221 976 268 1009 tia
290 977 424 1018 dicitur,
450 989 481 1012 et
504 979 596 1011 solus
619 978 716 1011 novit
740 978 887 1020 Patrem,
913 987 946 1011 et
961 978 1099 1016 revelat,
1124 976 1245 1022 quibus
1269 978 1351 1018 vult,

222 1037 257 1070 id
281 1048 341 1079 est,
366 1039 423 1083 qui
448 1053 586 1085 capaces
616 1040 708 1072 verbi
732 1039 836 1084 ipsius
861 1049 895 1072 et
917 1039 1100 1084 sapientiae
1130 1039 1274 1079 fuerint,
1303 1052 1354 1072 se-

222 1101 369 1133 cundum
398 1101 463 1134 hoe
501 1101 631 1146 ipsum,
671 1101 764 1145 quod
796 1101 938 1143 intelligi
975 1110 1075 1145 atque
1110 1100 1252 1142 agnoseit
1274 1100 1355 1134 facit

221 1161 352 1201 Deum,
388 1163 527 1205 figuram
558 1163 759 1196 substantiae
790 1171 889 1206 atque
913 1160 1146 1194 subsistentiae
1170 1162 1240 1205 ejus
1264 1162 1354 1195 dica-

221 1231 277 1255 tur
302 1224 506 1268 exprimere:
542 1225 577 1258 id
602 1234 668 1264 est,
694 1238 769 1257 cnm
795 1233 901 1257 semet
925 1224 1035 1268 ipsum
1058 1223 1206 1268 primum
1231 1223 1355 1257 dacri-

219 1284 270 1316 bit
293 1286 458 1329 sapientia
483 1299 532 1327 ea,
557 1299 641 1331 quae
666 1287 815 1319 revelare
840 1286 912 1318 vult
938 1285 1073 1325 ceteris,
1104 1298 1143 1318 ex
1167 1285 1289 1330 quibus
1313 1287 1354 1318 ab

221 1345 290 1378 illis
313 1346 505 1388 agnoscitur
529 1357 562 1380 et
586 1347 786 1389 intelligitur
810 1347 927 1389 Deus,
953 1357 985 1381 et
1009 1347 1074 1379 boc
1099 1346 1229 1380 dicatur
1249 1347 1355 1389 figura

222 1420 375 1452 expressa
399 1409 602 1442 substantiae
627 1409 704 1441 Dei.
760 1409 805 1441 Ut
830 1418 941 1441 autem
966 1409 1099 1453 plenius
1122 1408 1230 1441 adhuc
1254 1408 1355 1443 intel-

222 1468 359 1510 ligatur,
393 1472 567 1514 quomodo
601 1471 758 1504 Salvator
788 1470 891 1512 ligura
925 1479 973 1502 est
1002 1469 1223 1509 substantiae,
1253 1470 1353 1515 vel‘)

221 1530 453 1563 subsistentiae
477 1533 561 1572 Dei,
594 1542 727 1564 utamur
751 1532 850 1564 etiam
874 1532 1050 1576 exemplo,
1082 1531 1172 1575 quod
1205 1531 1355 1576 quamvis

221 1604 291 1624 rem
316 1605 384 1624 non
400 1593 432 1637 ⁵)
459 1593 576 1637 plene,
601 1607 661 1625 nec
687 1593 824 1637 proprie
848 1592 1031 1634 significet,
1063 1593 1104 1624 de
1129 1605 1192 1637 qua
1217 1593 1355 1635 agimus,

220 1663 332 1686 tamen
365 1655 406 1687 ad
433 1656 498 1688 hoc
524 1656 635 1687 solum
662 1655 815 1687 videatur
845 1663 1046 1694 assumtum,
1079 1655 1171 1698 quod
1186 1653 1219 1699 ⁵)
1245 1654 1355 1687 exina-

221 1715 313 1748 niens
337 1729 371 1748 se
398 1716 524 1756 Filius,
562 1717 617 1761 qui
655 1725 724 1748 erat
747 1716 781 1748 in
814 1716 922 1749 forma
952 1716 1038 1756 Dei,
1074 1728 1137 1760 per
1167 1715 1273 1760 ipsam
1302 1716 1354 1749 sui

222 1777 483 1810 exinanitionem
512 1779 625 1811 studet
656 1777 753 1810 nobis
787 1776 918 1810 deitatis
943 1776 1189 1821 plenitudinem
1215 1777 1356 1811 demon-

221 1847 334 1871 strare.
383 1839 487 1871 Verbi
514 1852 620 1879 causa,
645 1839 670 1871 si
697 1839 780 1871 facua
801 1848 884 1870 esset
902 1838 1011 1882 aliqua
1028 1848 1135 1871 statua
1159 1837 1245 1875 talis.
1269 1851 1353 1884 quae

268 2000 281 2017 p
318 1973 348 2016 ¹)
372 1973 453 2004 Luc.
481 1972 535 2013 Vl,
561 1972 613 2005 42.

317 2028 350 2071 ²)
377 2028 424 2060 Ita
450 2028 529 2060 Mss.
556 2028 664 2059 Alias:
693 2029 879 2071 „q11nndo.“
917 2030 955 2061 Ρι.
983 2050 1023 2055 -
1055 2029 1141 2063 Edd.
1168 2029 1216 2062 M.
1250 2042 1355 2074 „quo-

225 2073 362 2105 modo.“
459 2073 492 2116 3)
519 2072 587 2105 Cfr.
615 2073 718 2105 Hebr.
746 2073 769 2112 l,
793 2073 823 2107 3.

319 2129 351 2172 ⁴)
377 2128 433 2162 Sic
459 2129 537 2161 Mss.
555 2128 661 2160 Alias:
690 2138 743 2167 „et
767 2130 998 2162 subsistentiae
1022 2129 1122 2176 ejus.“
1138 2131 1179 2166 R.
1202 2150 1243 2157 υ-
1267 2130 1355 2164 Edd.

226 2174 275 2206 M.
303 2183 357 2215 „et
380 2173 611 2206 subsistentiae
636 2173 734 2206 Dei.“

319 2230 352 2273 ⁵)
377 2230 434 2263 Sic
465 2230 546 2262 Mss.
582 2230 712 2274 (itemq.
746 2230 797 2262 ed.
830 2230 877 2262 M.
902 2231 946 2274 I.)
982 2230 1073 2264 Alias
1110 2231 1157 2276 (v.
1194 2245 1220 2265 c.
1244 2231 1279 2264 in
1302 2231 1356 2264 ed.
1402 2268 1404 2271 ¹

226 2275 272 2314 M.
298 2275 356 2318 ll.)
383 2287 471 2315 „non
496 2275 608 2318 plane,
633 2279 713 2306 nec“
741 2283 802 2307 etc.

321 2332 354 2374 ⁶)
381 2331 450 2363 Cfr.
477 2331 527 2363 ed.
555 2331 682 2374 Redep.
709 2343 781 2374 pag.
809 2330 881 2364 114.
906 2340 976 2364 not.
1000 2330 1054 2365 23.
