1404 2463
394 107 441 129 DE
466 97 662 129 Pam-omns
683 94 793 127 121ssssss
816 95 840 127 Ι.
1117 94 1178 129 131

147 185 225 229 (76)
256 185 366 230 IUa')
395 198 473 218 sane
505 197 567 217 nos
598 197 810 228 nequaquam
841 183 1036 227 recipienda
1067 196 1179 216 cense-

59 260 149 288 mus,
187 260 270 292 quae
303 257 335 280 ct
366 260 383 280 a
413 246 612 291 quibusdam
649 246 819 289 superfluo
858 244 911 276 vel
947 244 1090 289 requiri,
1128 246 1179 277 vel

59 309 184 341 adstrui
208 309 338 349 solent,
361 309 397 340 id
421 317 486 350 est,
512 308 605 352 quod
630 307 758 339 animae
782 307 815 338 in
838 315 967 339 tantum
992 306 1043 338 sui
1068 307 1181 339 deces-

156 432 186 474 ¹)
218 431 346 463 Graece
382 431 463 462 haec
495 431 595 462 verba
628 442 645 461 e
677 430 734 462 lib.
761 430 783 461 I.
816 431 897 472 πεοὶ
929 428 1052 472 ἀρχῶν
1082 430 1181 461 affert

57 476 262 508 Justinianus
287 477 475 519 lmpetator
506 476 548 507 ad
579 476 704 507 calcem
738 474 833 518 epist.
866 474 906 506 ad
932 475 1090 507 Mennam
1116 474 1179 506 Pa-

58 521 190 553 triarch.
216 521 387 553 Constant.
405 520 529 563 (Mansi
553 519 698 564 ampliss.
724 519 857 552 collect.
876 518 1062 552 Concilior.
1080 519 1178 551 Tom.

58 566 135 606 lx.)
160 578 233 609 pag.
259 566 332 599 529.
369 564 412 599 11
438 564 532 610 ψυχή
560 566 786 610 ἀπορὁουσα
812 566 873 597 τοῦ
899 566 1029 605 καλοῦ,
1056 567 1117 598 καὶ
1139 567 1179 611 τῆ

57 624 164 644 zama
195 613 504 665 προσκλιναμέιζη,
537 614 599 644 καὶ
630 613 691 645 ἐπὶ
722 612 848 645 πλεῖον
879 610 919 643 ἐν
942 623 1049 665 ταυτῃ
1074 622 1179 653 γινο-

56 660 166 699 μένη,
192 658 222 690 εἰ
245 655 295 710 μὴ
329 654 566 701 υπυστυέᾳοι,
603 653 673 689 ὑπὸ
707 657 767 698 τῆς
797 654 921 692 ανοίας
951 654 1179 698 (ἒηοκτηνοῦ-

57 714 134 742 ται,
171 703 230 734 καὶ
265 700 335 734 ὑπὸ
369 703 430 742 τῆς
458 705 632 755 πονηριας
669 700 944 743 ἀποθηοιοῦται.
1000 703 1072 733 Καὶ
1103 700 1177 743 μετ’

57 746 179 790 ὀλίγα·
203 748 276 801 Κξιὶ
300 748 449 790 αῗυεῐται
473 746 563 790 πρὸς
588 745 624 780 τὸ
648 745 904 799 ἅλογωθῆναι,
931 748 990 779 καὶ
1014 745 1077 779 τὸν
1093 746 1179 779 ἔνυ-

57 793 164 835 doma,
202 790 245 824 ἵν’
274 789 382 829 οὕτως
407 793 517 833 εἴπω,
550 796 653 835 βίον·
692 794 752 824 καὶ
776 789 866 835 τάχα
889 804 953 824 κατ
990 790 1096 829 αξίαν
1120 792 1179 833 τῆς

56 837 118 870 ἐπὶ
157 838 284 870 πλεῖον
321 834 563 874 ἀποπιώσεως
601 836 703 880 (vulg.
739 845 772 868 et
800 836 952 868 Ruaeus:
996 835 1177 878 πτώσεως,

55 893 156 921 marg.
182 879 408 925 ἐκπτώσεως,
442 894 525 914 vers.
553 881 668 914 latina:
701 881 947 926 prolapsionis)
972 883 1031 923 τῆς
1055 885 1181 919 κακίας

59 927 219 961 ἐνδύεται
245 926 392 971 σώματα
418 927 534 970 (marg.
560 930 684 971 σώαα,
712 939 793 958 vers.
812 927 866 957 lat
885 926 1044 970 corpora)
1063 925 1179 969 ὑδαρῆ

58 971 164 1014 (vulg
196 981 229 1003 et
253 972 482 1005 Ruaeus:01'›
516 974 597 1018 ὁέῆ,
638 972 728 1003 idem
758 980 868 1003 tamen
899 972 1047 1009 Bulaeus,
1085 972 1178 1004 uncis

58 1016 239 1061 appositis,
278 1017 310 1048 in
335 1027 442 1049 textu:
474 1010 595 1049 Fone:
630 1016 762 1059 ιδιιυῆ,
807 1028 890 1048 v.ers
917 1016 973 1050 lat.
998 1017 1178 1060 aquatica)

57 1064 198 1096 numos
233 1060 321 1101 ζώου
364 1062 453 1105 sowi>
458 1075 510 1094 ov.
573 1061 726 1094 Genuina
764 1070 875 1093 autem
910 1073 1024 1102 graeca
1058 1061 1180 1093 haecce

60 1108 158 1138 verba
185 1119 254 1138 esse
278 1107 378 1138 fidem
405 1107 480 1138 facit
505 1106 747 1152 HieronymuS,
773 1106 828 1150 qui
853 1106 886 1137 in
911 1106 1006 1150 epist.
1030 1107 1072 1138 ad
1098 1106 1178 1139 Avi-

59 1160 129 1183 tum
157 1152 245 1195 (pag.
265 1151 355 1191 764.)
375 1151 435 1184 ait:
463 1152 536 1190 „Ad
563 1161 745 1183 exuemum
765 1152 883 1195 (primi
908 1152 1006 1192 libri)
1023 1164 1178 1184 sermone

60 1196 218 1228 latissimo
243 1196 421 1239 disputavit
440 1197 636 1240 (Otiyenes)
655 1197 825 1237 angelum,
849 1196 917 1227 sive
935 1197 1095 1236 animam,
1121 1205 1179 1228 aut

60 1251 148 1273 certe
173 1243 390 1280 daemonem,
418 1255 500 1285 quos
524 1254 621 1273 umus
644 1242 758 1273 assenit
783 1254 851 1272 esse
876 1250 1028 1280 naturae,
1053 1245 1111 1273 sed
1130 1242 1180 1273 di-

59 1299 226 1317 versalum
266 1287 491 1325 voluntatum,
529 1299 591 1329 pio
625 1285 850 1327 magnitudine
890 1286 1106 1327 negligentiae
1145 1295 1179 1318 et

58 1331 218 1363 stultitiae
242 1330 427 1376 jumentum
452 1344 549 1375 posse
574 1331 663 1362 {ieri-
697 1340 728 1361 et
752 1343 813 1374 pro
839 1330 959 1362 dolore
983 1343 1180 1374 poenarum,

62 1385 94 1408 et
127 1376 208 1416 ignis
240 1377 375 1414 ardone,
409 1389 510 1416 magis
543 1376 663 1417 eligexe
688 1385 724 1407 ut
748 1377 882 1407 brutum
908 1375 1030 1407 animal
1053 1377 1111 1415 sit,
1148 1386 1179 1409 et

61 1422 94 1452 in
121 1421 212 1464 aquis
245 1421 370 1452 habitet
402 1431 431 1453 et
465 1420 636 1460 fluctibus;
666 1433 702 1452 ac
736 1433 858 1464 corpus
882 1433 1047 1452 assumere
1071 1421 1127 1453 hu
1119 1435 1180 1465 lus,

62 1466 115 1497 vel
140 1465 228 1497 illius
254 1466 401 1510 pecoris:
428 1476 463 1497 ut
489 1466 584 1497 nobis
609 1479 675 1497 non
693 1466 802 1497 solum
822 1466 1095 1509 quadrupedum,
1119 1435 1178 1498 lsed

61 1519 94 1542 et
125 1510 265 1554 piscium
297 1524 438 1555 corpora
469 1511 534 1543 sint
565 1510 725 1543 timenda.
774 1510 818 1542 Et
848 1511 889 1542 ad
920 1520 1105 1543 extremum
1135 1525 1178 1544 ne

59 1564 228 1587 teneretur
257 1556 474 1599 P51l1agmici
506 1556 668 1596 dogmatis
699 1568 790 1594 reus,
826 1555 883 1599 qui
907 1556 1019 1588 asserit
1043 1570 1178 1601 μετξμ-

62 1599 239 1644 ψύχωσιν,
265 1602 342 1644 post
365 1610 431 1633 tam
456 1601 630 1633 nefandam
657 1600 935 1644 disputationem,
965 1614 1029 1644 qua
1045 1602 1180 1634 lectoris

60 1645 206 1677 animum
232 1646 435 1678 vulneravit:
470 1645 578 1684 Haec,
608 1647 738 1689 inquit,
766 1645 853 1689 juxta
877 1655 1023 1678 nostram
1049 1656 1180 1679 senten-

60 1690 157 1729 tiam,
186 1704 253 1722 non
284 1692 349 1723 sint
373 1692 541 1732 dogmata,
572 1691 628 1722 sed
655 1691 799 1734 quaesita
825 1697 952 1722 tantum
976 1700 1085 1743 atque·
1101 1704 1180 1736 pro-

61 1734 161 1780 jecta
193 1748 234 1767 ne
264 1736 396 1779 penitus
426 1716 600 1768 intraciata
631 1736 854 1767 viderentur.“
905 1735 1000 1778 Quae
1025 1736 1053 1767 si
1076 1735 1122 1769 ita
1145 1749 1180 1769 se

63 1782 202 1818 habent,
226 1781 337 1812 nullus
361 1794 446 1824 pene
471 1781 647 1813 dubitandi
672 1780 766 1812 locus
790 1789 854 1820 est,
881 1781 957 1825 quia
982 1781 1180 1833 interpreta-

61 1825 108 1857 tio
136 1805 247 1857 Rul'mi
279 1827 319 1857 ab
345 1826 392 1857 his
421 1825 544 1858 verbis.
571 1826 653 1866 „llla
676 1838 754 1857 sane
777 1838 838 1857 nos
862 1839 1071 1876 nequaquam
1094 1826 1180 1858 reci-

61 1870 183 1914 pienda
217 1875 425 1908 censemus,“
464 1871 651 1915 usquead
688 1870 787 1902 finem
823 1870 918 1923 liujus
951 1871 1046 1910 libri,
1087 1871 1179 1903 omni

62 1928 197 1959 prorsus
221 1915 287 1946 fide
313 1925 439 1954 careat,
463 1925 496 1947 et
519 1915 630 1967 3Ριιιίιι
655 1928 717 1958 Ριο
743 1915 892 1956 genuinis
918 1916 1084 1948 obtrudat.
1115 1916 1181 1948 Fa-

62 1961 200 1992 tendum
225 1970 333 1992 tamen
360 1961 537 2001 Origenem
562 1974 597 1992 ιι]
621 1961 693 1992 aliis
717 1960 782 1992 suis
806 1961 997 1993 tractatibus
1021 1974 1039 1994 a
1058 1961 1180 2013 Pytha-

62 2004 172 2046 gorica
204 2006 477 2049 μετειιιίιχώσει
515 2018 651 2050 prorsus
688 2006 878 2038 abhorrere.
941 2006 1027 2037 Vide
1061 2006 1144 2048 Orig
1147 2020 1180 2038 e-

62 2050 192 2083 nianor.
225 2050 282 2082 lib
319 2051 360 2082 ll.
392 2059 515 2094 quaest.
547 2051 603 2082 Vl.
634 2063 725 2084 num.
759 2050 809 2084 17.
842 2050 892 2085 18
920 2051 969 2085 19.
994 2051 1047 2085 20.
1072 2052 1111 2084 R.
1137 2072 1178 2076 —

64 2095 131 2128 Cfr.
164 2096 215 2127 ed.
242 2096 370 2139 Rcdcp.
408 2108 479 2139 pag.
503 2096 536 2130 8.
560 2104 630 2128 not.
653 2095 706 2128 22.
733 2095 809 2128 coll.
834 2109 906 2139 pag.
933 2095 1005 2130 159.
1031 2105 1098 2128 not.
1127 2095 1179 2130 12.

63 2141 176 2172 Addas
207 2140 342 2184 insuper
374 2141 518 2183 Apolog.
550 2139 716 2184 Pamphili
749 2140 845 2184 (Opp
824 2154 856 2184 p.
882 2141 972 2181 Orig.
998 2141 1096 2174 Tom.
1124 2142 1178 2173 lV.

64 2186 115 2218 ed.
142 2186 246 2218 Ruaei
270 2186 441 2229 Append.)
466 2199 539 2229 pag.
558 2185 610 2218 44.
636 2186 714 2216 coll.
739 2186 790 2218 ed.
814 2195 917 2218 nostr.
939 2186 1038 2220 Ἰοιιι.
1052 2186 1178 2218 XXlV.

64 2243 138 2275 pag.
164 2230 240 2264 404.
265 2245 343 2275 seq„
368 2231 425 2262 ubi
456 2231 535 2263 llaec
567 2231 736 2271 leguntur:
774 2231 862 2264 »Sed
893 2230 989 2270 haec,
1020 2240 1179 2282 quantum

65 2276 105 2307 ad
130 2288 191 2308 nos
213 2276 376 2320 pertinet,
412 2288 478 2307 non
503 2276 567 2308 sint
593 2277 763 2317 dogmata3
793 2275 850 2307 sed
876 2275 1088 2308 discussionis
1111 2287 1182 2316 gra-

865 2336 919 2370 9*
