1404 2463
161 90 227 124 350
644 88 818 122 officum

158 188 248 218 (τον,
290 179 448 223 quoniam
481 179 617 223 quidem
650 178 725 212 finis
758 188 789 210 et
827 180 1071 212 consummatio
1103 190 1293 213 sanctorum

160 241 223 273 erit
254 240 287 273 in
318 241 387 281 his,
419 253 502 285 quae
527 253 595 273 non
622 240 834 284 videntur‚¹)
862 250 896 273 et
920 250 1052 274 aeterna
1076 251 1168 281 sunt,
1207 243 1290 285 ex2)

157 302 263 347 ipsius
287 302 363 335 finis
388 303 487 347 (150)
512 302 816 347 contemplatione,
847 303 934 335 sicut
957 303 991 336 in
1015 303 1291 348 superioribus-³)

156 364 354 409 frequenter
386 364 652 409 ostendimus‚¹)
684 365 794 397 simile
828 365 927 397 etiam
956 364 1088 398 initium
1112 365 1289 398 rationabi-

157 426 204 458 les
230 436 396 459 creaturas
423 426 576 459 habuisse
609 427 810 459 censendum
844 435 903 460 est.
950 426 994 458 Et
1017 426 1043 458 si
1069 428 1134 460 tale
1160 427 1292 460 initium

156 488 350 528 habuerint,
376 488 511 533 qualem
536 488 636 521 linem
662 497 814 533 sperant,
840 488 977 520 suerunt
1000 487 1070 520 sine
1096 488 1201 521 dubio
1225 489 1294 534 jam

155 551 196 581 ab
229 550 325 582 initio
357 548 390 582 in
422 550 490 589 his,
525 564 608 595 quae
639 563 707 583 non
733 549 952 594 videntur‚⁵)
991 560 1024 583 et
1046 560 1180 584 aeterna
1203 561 1288 584 sunt.

156 611 261 654 Quod
285 611 313 643 si
339 621 404 651 est,
439 612 479 644 de
511 612 743 657 superioribus
768 612 808 643 ad
834 611 993 643 inferiora
1019 612 1215 644 descensum
1241 622 1290 646 est

155 685 224 704 non
249 674 358 705 solum
372 674 406 717 6)
432 674 518 718 ab7)
545 674 594 706 his
626 674 816 713 animabus,
850 685 934 717 quae
965 672 1000 704 id
1032 683 1187 706 motuum
1212 687 1291 707 suo-

154 747 229 766 rum
262 734 420 767 varietate
454 744 666 776 meruerunt,
698 748 814 767 verum
840 745 873 766 et
896 735 937 766 ab
962 734 1030 774 his,
1062 748 1146 779 quae
1172 736 1214 768 ad
1237 744 1290 768 to-

153 795 218 828 tius
255 797 373 829 mundi
404 797 627 829 ministerIum
661 809 698 828 ex
729 796 796 828 illis
826 796 1057 841 superioribus
1084 806 1117 829 et
1140 796 1289 829 invisibi-

154 857 240 890 libus
265 859 305 890 εκ]
331 858 411 890 haec
435 857 596 890 inferiora
622 867 654 890 et
679 857 866 902 visibiliass)
893 858 1056 890 deductae
1071 858 1104 901 9)
1127 867 1222 898 sunt,
1249 859 1288 891 li-

154 929 206 951 cet
236 933 305 951 non
337 919 503 960 volentes;
537 919 775 964 „Vanitati¹⁰)
810 919 936 964 quippe
969 929 1117 952 creatura
1142 919 1289 965 subjecta

159 991 207 1013 est
231 994 300 1013 non
326 982 452 1021 volens,
473 984 478 999 ¹
495 981 525 1025 ¹)
550 982 607 1013 sed
626 991 768 1026 propter
784 994 873 1020 eum,
900 981 955 1025 qui
974 981 1116 1025 subjecit
1132 980 1165 1013 in
1184 985 1289 1026 spe:“

154 1042 287 1087 qua's')
315 1043 364 1075 vel
392 1043 456 1082 sol,
482 1043 533 1075 vel
561 1043 648 1082 luna,
675 1043 726 1075 vel
751 1043 878 1082 stellae,
906 1043 959 1074 vel
983 1042 1089 1084 angeli
1117 1043 1288 1087 explerent

152 1133 236 1166 alius
261 1133 399 1166 diversis
425 1133 554 1165 casibus
579 1141 613 1164 et
636 1133 854 1177 profectibus,
882 1142 914 1165 et
938 1133 991 1165 vel
1017 1133 1176 1165 vinnium
1195 1147 1288 1178 prae-

149 1179 235 1218 miis,
260 1180 315 1211 vel
343 1178 503 1210 vitiorum
527 1178 714 1223 suppliciis,
742 1187 774 1210 et
798 1191 830 1210 in
856 1178 1038 1223 praesenti,
1059 1179 1141 1211 etin
1160 1180 1286 1219 futuro,

149 1233 250 1268 atque
281 1224 314 1256 in
348 1223 521 1263 omnibus,
562 1233 594 1255 et
626 1233 716 1256 retro
743 1232 776 1255 et
800 1224 926 1267 priora
939 1224 1148 1268 temporibus
1173 1233 1288 1269 potest

149 1269 268 1302 merita
293 1269 504 1321 dispensare,
528 1277 561 1300 et
586 1269 627 1300 ad
652 1281 756 1300 unum
781 1282 911 1301 nur-sum
938 1269 1038 1301 finem
1065 1279 1184 1302 cuncta
1208 1282 1286 1313 per-

149 1314 299 1354 trahere,
330 1314 394 1346 nisi
425 1314 516 1346 solus
543 1314 700 1346 conditor
723 1315 873 1346 omnium
899 1315 1010 1354 Deus,
1042 1314 1097 1358 qui
1123 1314 1184 1346 scit
1209 1327 1285 1347 cau-

149 1372 217 1397 sas
255 1368 396 1403 piopter
427 1372 506 1403 quas
540 1359 625 1391 alios
658 1359 831 1403 permittat
861 1372 918 1392 sua
950 1359 1078 1403 peifrui
1103 1360 1286 1399 voluntate,

151 1413 185 1436 et
210 1405 251 1436 de
276 1404 460 1448 majoribus
494 1405 534 1435 ad
559 1404 677 1436 ultim-'i
702 1404 832 1443 delabi,
869 1405 953 1436 alios
978 1404 1118 1448 incipiat
1143 1404 1286 1444 visitare,

149 1459 181 1481 et
206 1450 368 1491 gradatim
401 1449 494 1493 quasi
525 1462 624 1480 manu
658 1449 734 1481 data
758 1450 801 1481 ad
827 1450 1004 1493 pristinum
1029 1449 1197 1482 retrahere
1221 1459 1285 1482 sta-

149 1505 232 1533 tum,
258 1504 291 1527 et
315 1495 348 1527 in
372 1494 572 1526 sublimibus
598 1494 778 1526 collocare.
783 1499 800 1515 “
829 1495 867 1528 R.

242 1552 274 1594 ¹)
303 1551 372 1585 Cfr.
391 1550 420 1583 II
439 1550 516 1582 Cor.
540 1550 594 1590 lV,
614 1549 664 1583 18.
684 1549 762 1582 coll.
783 1550 835 1583 ed.
850 1550 979 1593 Redep.
998 1562 1070 1594 pag.
1084 1549 1159 1584 311.
1174 1559 1244 1583 not.
1253 1550 1283 1584 2

239 1607 273 1650 2)
299 1607 367 1640 Sic
381 1607 460 1639 Mss.
487 1604 579 1637 Libri
603 1615 697 1637 antea
723 1605 804 1638 editi
823 1607 869 1649 (v.
887 1619 914 1640 c.
933 1606 1008 1639 edd.
1026 1607 1089 1649 M.)
1111 1615 1162 1638 »et
1181 1606 1283 1651 ipsius

148 1653 222 1685 finis
248 1651 492 1695 contemplatio
520 1659 578 1688 cst,
603 1650 708 1682 sicut“
735 1660 799 1685 etc.
825 1652 862 1684 R.

241 1709 274 1752 ³)
301 1708 371 1741 Cfr.
398 1708 457 1740 lib.
485 1707 527 1740 ll.
555 1710 636 1749 νηοὶ
663 1706 787 1751 (Ξωχῶν
812 1720 882 1751 cap.
910 1707 950 1739 ll.

236 1765 268 1809 4)
295 1765 380 1797 Edd.
409 1763 456 1796 M.
486 1762 724 1796 »ostendimus.
774 1763 894 1796 Simile
927 1773 960 1796 et
990 1763 1124 1795 initium
1149 1763 1281 1796 irratio-

144 1810 292 1843 nabiles“
320 1819 382 1843 ele.
526 1809 559 1852 ⁵)
585 1807 654 1841 Cfr.
682 1809 710 1842 ll
736 1808 816 1841 Cor.
844 1810 900 1849 lV,
928 1808 980 1843 18.

149 1912 158 1943 ι
236 1865 354 1943 6)PSie
382 1865 460 1898 Mss.
491 1865 524 1896 ln
551 1863 649 1896 editis
675 1865 719 1908 (v.
747 1877 773 1896 c.
801 1866 877 1899 edd.
904 1864 970 1908 Μ.)
996 1863 1181 1896 omittitur:
1209 1876 1281 1896 »so-

161 1914 250 1946 um.“
295 1926 316 1943 1.

237 1965 270 2009 ⁷)
296 1965 353 1999 Sic
378 1964 459 1998 Mss.
485 1964 618 2008 (itemq.
645 1964 696 1997 ed.
723 1965 770 2000 M.
800 1966 840 2008 Ι.)
868 1966 905 1998 In
931 1965 1027 1998 editis
1054 1964 1188 2006 legitur:
1216 1967 1278 2007 „ab

145 2010 194 2043 lais
219 2011 453 2043 animalibus.“
481 2011 521 2042 R.
548 2030 588 2034 —
622 2010 683 2043 Ed.
711 2011 759 2043 M.
788 2011 825 2043 ll.
856 2011 916 2043 »ab
943 2010 992 2043 his
1017 2020 1130 2043 tamen
1155 2010 1280 2043 anima·

144 2056 263 2088 libus«
375 2056 409 2099 ⁸)
434 2056 521 2089 Edd.
547 2055 593 2087 M.
623 2055 855 2088 »invisibilia.“

237 2112 270 2152 ⁹)
296 2110 352 2144 Sic
377 2110 458 2143 MSS.
483 2110 576 2143 Editi
601 2112 646 2154 (v.
673 2125 700 2144 c.
727 2111 803 2144 edd.
828 2112 894 2155 M.)
922 2112 1088 2144 »deducta
1114 2120 1207 2152 sunt,
1239 2110 1278 2142 ll-

143 2165 194 2188 cet
219 2168 288 2188 non
314 2156 491 2188 udentia«
521 2157 558 2190 R.
659 2158 712 2200 ¹⁰)
739 2157 807 2190 cfr,
834 2157 933 2190 Rom.
959 2157 1050 2195 Vlll,
1075 2156 1129 2190 20.
1154 2156 1207 2190 21.

215 2211 267 2251 ¹¹)
294 2211 355 2243 Ed.
382 2212 429 2244 M.
456 2212 481 2245 Ι.
508 2226 703 2257 perperam:
732 2213 904 2254 „nolens.“

217 2266 272 2309 ¹¹³)
300 2267 359 2298 Ed.
388 2267 434 2300 Μ.
463 2268 482 2300 l.
509 2281 704 2313 perperam:
732 2273 870 2312 „quae.“

1361 673 1372 689 ⁶
1398 657 1401 699 ἰ

1395 703 1404 1049 1

1369 938 1384 1002 d
