1404 2463
178 111 245 147 424
665 121 843 154 Offlcssms

180 206 391 252 figmentis')
422 221 457 241 se
490 208 632 254 variis)
666 222 703 242 ac
729 208 852 242 fabulis
876 207 1106 248 tradiderunt,
1144 221 1317 242 commen-

181 276 288 301 tantes
312 270 494 313 quaedam,
520 279 552 302 et
577 271 726 304 dicentes
753 270 816 303 alia
843 283 913 303 csse
938 270 1102 310 visibilia,
1126 279 1160 303 et
1182 272 1223 303 ab
1247 271 1315 304 alio

182 330 290 372 facta,
322 330 385 362 alia
421 344 501 363 vero
535 333 698 376 quaedam
724 331 923 371 invisibilia,
954 342 986 364 et
1012 333 1052 364 ab
1077 332 1144 365 alio
1170 333 1317 374 condita,

183 400 287 436 prout
317 391 356 424 iis
387 392 517 425 animae
557 406 634 426 suae
675 394 848 438 phantasia
884 394 1075 438 vanitasque
1110 393 1317 436 suggesserit.

183 453 252 486 Sed
285 463 318 486 et
349 454 505 486 nonnulli
539 456 623 499 ex³)
647 456 912 501 simplicioribus
937 455 1066 488 scilicet
1093 468 1230 498 eorum,
1260 454 1318 502 qui

182 514 269 548 intra
295 516 456 549 ecclesiae
481 517 583 549 fidem
610 518 774 550 contineri
800 518 967 559 videntur,
993 516 1155 562 majorem
1181 516 1319 561 quidem

185 577 382 621 creatore⁴)
413 579 490 611 Deo
522 579 654 612 nullum
688 593 758 612 esse
791 580 991 625 opinamur,
1029 588 1156 612 rectam
1186 579 1220 612 in
1253 580 1319 611 hoc

183 648 335 672 tenentes
359 652 540 684 sanamque
563 642 773 681 sententiam,
799 655 915 674 verum
940 641 1020 673 talia
1045 642 1086 674 de
1104 654 1144 673 eo
1162 640 1319 680 sentiunt,

185 713 269 745 quae
293 714 356 734 nec
370 702 402 745 ⁵)
428 703 470 734 de
495 703 610 747 aliquo
638 703 856 749 injustissimo
883 712 917 736 et
938 702 1165 736 immitissimo
1183 703 1319 736 homine

184 762 358 795 sentienda
382 772 469 796 sunt.

273 824 305 858 9.
353 825 484 857 Horum
510 835 621 858 autem
649 827 803 858 omnium
829 826 931 859 falsae
956 825 1197 868 intelligentiae
1223 839 1319 859 causa

184 885 253 925 his,
289 887 331 918 de
344 887 377 930 ⁶)
410 886 530 930 quibus
561 900 662 931 supra
689 888 851 930 diximus,
881 900 951 919 uon
984 887 1048 919 alia
1073 887 1218 927 exstitit,
1256 887 1320 920 nisi

184 947 275 990 quod
309 957 422 980 sancta
447 948 621 993 Scriptura
655 951 695 982 ab
727 950 775 982 his
807 963 876 982 non
900 950 1086 982 secundum
1109 948 1320 994 spiritualem

184 1021 334 1049 sensum,
372 1010 430 1042 sed
462 1011 647 1043 secundum
680 1011 797 1045 literae
827 1025 949 1044 sonum
979 1011 1188 1053 intelligitur.
1234 1011 1321 1044 Pro-

183 1079 260 1115 pter
292 1072 384 1116 quod
419 1072 620 1105 conabimur
646 1073 744 1118 (166)
769 1087 833 1118 pro
859 1073 1093 1106 mediocritate
1122 1086 1236 1105 sensus
1260 1086 1321 1106 no-

186 1132 245 1164 stri
278 1133 343 1173 his,
383 1133 440 1178 qui
476 1135 617 1167 credunt
650 1135 841 1179 Scripturas
872 1135 1046 1177 sancta57)
1076 1147 1146 1167 non
1177 1134 1321 1167 humana

185 1195 285 1227 verba
317 1195 426 1240 aliqua
459 1209 529 1228 esse
556 1197 762 1241 composita,
795 1198 853 1230 sed
877 1197 981 1229 sancti
1007 1196 1153 1241 Spiritus
1180 1196 1321 1241 inspira-

187 1255 279 1288 tione
305 1257 512 1302 conscripta,
548 1267 580 1290 et
605 1259 778 1292 voluntate
801 1258 869 1292 Dei
896 1258 1004 1291 Patris
1027 1271 1090 1302 per
1111 1257 1321 1300 unigenitum

185 1317 314 1350 Filium
348 1332 443 1351 suum
456 1320 490 1363 8)
514 1320 631 1352 Jesum
658 1321 828 1354 Christum
859 1321 958 1354 nobis
990 1333 1126 1366 quoque
1159 1332 1228 1352 esse
1254 1329 1322 1353 tra-

189 1379 258 1413 dita
282 1390 315 1412 et
340 1381 535 1423 commissa,
568 1395 652 1426 quae
678 1383 776 1416 nobis
802 1384 978 1422 videntur,
1003 1391 1093 1415 recta
1118 1381 1168 1414 via
1193 1381 1321 1413 intelli—

185 1440 315 1482 gentiae
348 1442 618 1483 observantibus,
651 1445 881 1477 demonstrare
912 1445 1007 1476 illam
1031 1443 1180 1485 regulam
1213 1452 1245 1475 et
1271 1442 1321 1475 di-

185 1502 380 1547 sciplinam,
412 1517 511 1548 quam
545 1506 585 1537 ab
611 1506 692 1538 Jesu
718 1506 853 1539 Christo
886 1506 1042 1538 traditam
1078 1505 1141 1537 sibi
1173 1503 1320 1549 apostoli

185 1576 247 1608 per
271 1564 517 1598 successionem
543 1567 688 1611 posteris
714 1580 849 1612 quoque
874 1567 953 1609 suis,
977 1575 1123 1600 sanctam
1142 1564 1320 1597 ecclesiam

187 1625 398 1667 docentibus,
422 1627 642 1661 tradiderunt.

272 1688 317 1721 Et
347 1688 485 1734 quidem
522 1691 614 1734 quod
656 1690 921 1738 dispensationes
961 1689 1124 1734 quaedam
1157 1688 1320 1734 mysticae

282 1848 314 1891 ¹)
338 1848 404 1882 Ed.
430 1849 478 1881 M.
505 1849 531 1882 Ι.
557 1861 752 1893 perperam:
780 1848 962 1890 „fingentes
988 1850 1055 1879 se.“

278 1905 312 1947 ²)
337 1904 395 1938 Sic
419 1903 501 1940 Mss‚
526 1903 622 1936 Editi
647 1914 758 1937 autem
785 1905 833 1948 (v.
859 1917 886 1936 c.
913 1903 990 1935 edd.
1017 1902 1084 1946 Μ.)
1110 1901 1257 1942 „vanis.“
1279 1901 1319 1934 R.

277 1960 312 2002 3)
337 1960 394 1994 Sic
418 1961 499 1994 Mss.
524 1960 619 1992 Editi
645 1961 692 2004 (v.
719 1973 745 1993 c.
773 1960 848 1992 edd.
875 1960 942 2002 M.)
970 1972 1030 2001 „ex
1054 1957 1320 2003 simplicioribus

185 2016 372 2061 quibusque
397 2019 539 2048 eorum“
569 2025 631 2049 etc.
656 2017 698 2048 R.

278 2072 312 2115 4)
337 2072 394 2105 Sic
419 2071 500 2105 Mss.
532 2073 571 2104 In
605 2072 703 2104 editis
736 2072 783 2116 (v.
810 2085 835 2103 e.
863 2072 940 2106 edd,
966 2071 1032 2115 Μ)
1065 2072 1159 2103 deest
1195 2071 1316 2112 „Deo“

185 2137 217 2160 et
243 2132 370 2169 „esse.“
396 2129 436 2160 R.
544 2129 578 2171 ⁵)
603 2128 664 2160 Ed.
694 2128 742 2161 M.
769 2128 792 2160 Ῑ.
822 2131 918 2169 „ne.“

278 2184 311 2227 ὁ)
335 2184 442 2217 Deest
468 2184 553 2225 „de“
580 2184 614 2216 in
640 2184 716 2217 edd.
743 2185 790 2217 M.

279 2240 310 2282 ⁷)
336 2239 392 2272 Sic
419 2239 496 2271 Mss.
534 2240 567 2271 ln
602 2240 699 2272 editis
734 2241 781 2283 (v.
819 2253 844 2272 c.
879 2241 954 2272 edd.
983 2239 1049 2284 M.)
1075 2240 1186 2272 deest:
1224 2252 1319 2280 „san-

185 2299 283 2329 ctas.“
310 2296 348 2328 R.
491 2296 524 2338 ⁸)
551 2296 612 2329 Ed.
640 2296 686 2328 M.
713 2297 756 2328 ΙΙ.
786 2295 911 2340 „ejus.“
