1404 2463
213 107 280 142 206
687 107 862 141 ORIGENJS

216 198 257 230 ad
282 197 417 240 angelos
440 197 618 242 pertinere.
656 197 748 241 Quid
774 197 860 230 enim
886 197 976 229 aliud
1000 196 1033 229 in
1058 197 1124 230 illis
1148 210 1245 242 quam
1265 210 1339 230 scn-

214 273 269 292 sus
292 259 498 292 rationabilis
514 260 544 304 ¹)
569 269 602 292 et
623 269 735 292 motus
760 259 829 292 est?
854 259 1008 302 Quorum
1034 269 1143 292 autem
1167 273 1231 292 una
1255 260 1338 292 des·-

213 320 350 353 nitionis
374 320 459 353 ratio
486 330 551 360 est,
576 321 695 354 horum
720 322 791 354 sine
816 321 919 353 dubio
946 321 1022 364 et²)
1047 322 1163 354 eadem
1187 323 1337 354 substan-

211 382 258 415 tia
283 392 340 416 est.
388 383 552 427 Paulus³)
576 396 654 416 sane
679 396 748 416 esse
774 384 938 428 quendam
963 384 1139 415 animalem
1164 383 1334 415 hominem

212 444 390 486 significat,
416 457 515 489 quem
539 454 635 488 negat
659 458 713 485 ea,
745 458 828 489 quac.
851 455 927 478 sunt
952 445 1096 489 Spiritus
1119 445 1203 485 Dei,
1236 458 1335 490 posse

212 506 373 551 recipere,
397 507 455 539 sed
480 507 661 552 stultam⁴)
687 507 769 539 dicit
793 507 823 539 ei
849 506 953 539 videri
979 505 1123 551 Spiritus
1147 507 1247 539 sancti
1273 497 1335 539 do-

214 568 364 608 ctrinam,
389 582 450 601 nec
475 582 572 613 posse
597 582 674 602 eum
698 568 884 610 intelligere
909 568 999 612 quod
1024 567 1243 612 spiritualiter
1266 569 1333 601 dis-

213 640 377 663 cernatur.
431 631 498 663 Sed
531 640 564 662 et
593 630 673 673 in⁵)
699 631 765 663 alio
798 630 876 662 loco
908 632 954 662 ait
977 630 1178 674 seminarifi)
1210 644 1333 676 corpus

211 692 372 731 animale,
397 701 431 724 et
453 705 585 733 surgere
611 705 731 736 corpus
755 691 938 737 spirituale,
965 692 1145 724 ostendens
1168 692 1200 725 in
1225 706 1334 725 resur-

208 754 359 786 rectione
390 753 553 800 justorum
586 753 715 797 nihi17)
740 753 881 786 animale
905 754 1064 786 futurum.
1112 754 1155 786 Et
1178 754 1256 787 ideo
1280 768 1333 787 re-

209 816 390 861 quirimus,
423 828 464 847 ne
494 817 583 848 sorte
607 816 789 848 substantia
812 816 920 860 aliqua
946 815 1003 854 sit,
1040 828 1124 859 quae
1148 817 1331 849 secundum

209 879 292 917 hoc,
330 877 421 921 quod
453 877 562 909 anima
595 886 662 917 est,
697 877 894 921 imperfecta
922 877 973 909 sit.
1021 878 1194 922 Verum⁸)
1219 887 1330 910 utrum

207 949 387 985 propterea
412 938 610 983 imperfecta
632 939 691 980 sit,
723 940 815 984 quod
840 952 857 971 a
882 939 1091 983 perfectione
1116 940 1259 980 decidit,
1291 953 1332 973 an

208 1001 284 1034 talis
315 1014 333 1034 a
357 1002 433 1034 Deo
461 1002 545 1033 sacta
570 1001 621 1041 sit,
648 1002 769 1044 cum9)
795 1014 856 1045 per
880 1001 1033 1033 ordinem
1057 1001 1183 1043 singula
1209 1002 1329 1035 discuti

210 1063 400 1108 coeperint,
432 1062 651 1107 requiremus.
698 1062 735 1096 Si
767 1063 854 1094 enim
884 1062 1104 1106 animalis¹⁰)
1133 1063 1237 1095 homo
1262 1077 1330 1096 non

208 1126 329 1171 recipit
353 1138 436 1169 quae
461 1134 536 1156 sunt
561 1124 705 1168 Spiritus
728 1124 812 1163 Dei,
838 1133 869 1156 et
893 1136 955 1168 pro
981 1136 1040 1162 e0,
1065 1125 1155 1169 quod
1180 1126 1330 1158 animalis

209 1197 275 1226 cst,
306 1186 457 1219 melioris
481 1196 635 1226 naturae,
672 1187 706 1219 id
739 1196 786 1218 est
811 1186 941 1219 divinae
965 1185 1219 1228 intelligentiam
1244 1187 1330 1220 reci-

205 1262 287 1294 pere
316 1261 385 1281 non
415 1258 542 1294 potest,
583 1249 642 1280 liae
675 1247 823 1281 fortassis
857 1249 897 1280 de
929 1261 1022 1280 causa
1055 1248 1238 1282 evidentius
1267 1262 1329 1282 nos

204 1311 330 1343 Paulus
363 1311 486 1342 docere
519 1311 635 1342 volens
666 1310 746 1354 quid
778 1309 838 1349 sit,
873 1310 1000 1354 per¹')
1033 1311 1123 1354 quod
1150 1323 1203 1351 ea,
1244 1324 1328 1356 quae

205 1382 281 1405 sunt
305 1372 450 1417 spiritus,
475 1372 510 1404 id
536 1381 583 1404 est
599 1371 793 1415 spiritualia,
818 1371 1004 1412 intelligere
1023 1384 1209 1415 possumus,
1234 1385 1327 1405 men-

204 1444 274 1466 tem
299 1433 400 1475 magis
424 1446 521 1478 quam
548 1433 689 1465 animam
715 1433 854 1477 Spiritui
879 1442 992 1465 sancto
1018 1433 1188 1478 conjungit
1214 1444 1246 1467 et
1269 1448 1325 1467 so-

206 1495 280 1529 ciat.
305 1495 380 1528 Hoc
397 1495 484 1528 enim
503 1509 578 1528 eum
595 1504 679 1539 puto
698 1495 884 1535 ostendere,
903 1507 978 1526 cum
996 1495 1094 1529 dicit:
1119 1496 1255 1536 „Orabo
1272 1497 1325 1540 ¹²)

299 1675 330 1719 ¹)
356 1674 412 1708 Sic
436 1674 514 1707 Mss.
541 1674 631 1706 Libri
665 1674 746 1706 editi
771 1675 815 1719 (ν.
842 1687 869 1708 c.
895 1674 970 1708 edd.
996 1674 1061 1719 Μ.)
1095 1674 1322 1715 „rationabilis

203 1729 394 1753 commotus
419 1720 491 1752 est?
515 1719 691 1762 Quorum“
719 1729 780 1752 etc.
805 1720 845 1752 R.

297 1777 329 1820 ²)
354 1777 460 1808 Deest
485 1779 559 1816 „et“
586 1775 618 1807 in
643 1775 718 1808 edd.
744 1776 791 1808 M.
903 1775 937 1819 3)
963 1775 1032 1809 Csr.
1058 1775 1070 1807 Ι
1098 1775 1177 1808 Cor.
1203 1776 1243 1817 ll,
1268 1776 1320 1810 14.

293 1816 413 1876 ἰ).]Ξ(]-.
440 1832 486 1864 Μ.
514 1833 537 1864 l.
563 1832 754 1872 „stultum.“

293 1888 326 1932 ⁵)
351 1888 456 1920 Deest
481 1888 556 1929 „in“
581 1888 613 1920 in
639 1889 716 1920 edd.
740 1888 788 1920 M.

293 1945 327 1987 6)
353 1944 414 1976 Ed.
433 1945 479 1976 M.
500 1946 524 1976 1.
543 1944 646 1977 male:
672 1945 886 1985 „seminare.“
902 1964 942 1968 —
961 1943 1029 1977 Cfr.
1057 1945 1068 1976 I
1086 1945 1164 1978 Cor.
1178 1946 1252 1986 XV,
1265 1945 1318 1979 44.

293 2000 325 2042 ⁷)
350 2000 436 2033 Edd.
464 2001 510 2032 M.
537 2001 637 2042 „nil.“

291 2055 324 2100 8)
350 2056 438 2088 Vide
462 2056 518 2089 lib.
544 2058 586 2090 Il.
612 2056 844 2098 origenianor.
870 2065 992 2100 quaest.
1012 2058 1066 2091 Vl.
1093 2071 1182 2092 num.
1207 2058 1239 2091 4.
1263 2059 1294 2092 5.

291 2113 324 2156 ⁹)
350 2112 417 2145 Cfr.
443 2113 494 2146 ed.
520 2114 647 2157 Redep.
671 2126 743 2157 pag.
768 2112 844 2146 208.
868 2121 936 2144 not.
961 2113 1013 2147 34.

272 2169 325 2212 ¹⁰)
352 2169 419 2201 Csr.
447 2169 496 2200 ed.
522 2169 650 2212 Redep.
673 2181 745 2212 pag.
770 2168 846 2203 209.
870 2178 942 2202 not.
970 2170 999 2203 1.

270 2225 324 2266 ¹¹)
347 2223 433 2257 Edd.
458 2224 506 2256 M.
533 2225 645 2267 „quod
670 2237 730 2268 per
754 2238 790 2258 ea
815 2238 898 2269 quae
922 2229 1017 2258 sunU‘
1044 2236 1105 2258 etc.

270 2281 322 2323 ¹²)
348 2281 361 2312 I
389 2280 467 2313 Cor.
492 2279 584 2318 XIV,
610 2280 662 2313 15.
