1404 2463
377 144 422 167 DE
447 134 642 167 Pmncmns
667 132 780 165 Lmen
805 132 829 164 1.
1127 132 1170 166 33

38 236 102 268 que
126 222 266 264 intueri,
298 222 492 268 quamvis¹)
526 234 562 254 ea
593 222 635 254 sit
666 220 842 265 purissima
876 233 966 253 mens
992 234 1028 254 ac
1055 223 1166 265 limpi-

38 284 182 325 dissima,
206 297 273 317 non
298 294 421 329 potest.

123 345 155 380 6.
202 347 328 378 Verum
359 359 427 378 non
462 345 595 377 videtur
624 345 826 384 absurdum,
858 344 885 377 si
915 344 956 376 ad
982 343 1168 376 evidentio-

0 449 1 459 ἵ
34 420 105 440 rem
129 407 179 440 rei
202 407 506 440 manifestationem
539 406 639 438 ctiam
672 406 735 438 alia
767 415 902 439 utamur
933 405 1166 440 similitudine.

0 461 1 491 l
34 469 207 501 Interdum
240 467 330 501 oculi
359 467 466 500 nostri
497 467 603 512 ipsam
633 475 785 499 naturam
818 466 920 505 lucis,
945 465 979 498 id
1005 474 1063 505 est,
1087 467 1166 498 sub-

31 530 187 563 stantiam
210 529 290 562 solis
313 528 436 561 intueri
459 541 528 561 non
556 538 713 572 possunt:
738 529 955 572 splendorem
978 540 1058 559 vero
1084 527 1166 572 ejus,

33 592 88 625 vel
112 592 240 631 radios,
269 591 423 624 fenestris
455 592 543 634 sorte
569 599 601 622 et
625 590 831 634 quibuslibet
854 590 1066 633 luminum2)
1090 590 1167 622 hre-

31 654 126 686 vibus
150 652 369 696 receptaculis
392 652 523 685 infusos
542 651 719 691 intuentes,
744 652 956 684 considerare
975 664 1166 695 possumus,

32 715 140 747 fomes
164 714 236 758 ipse
260 727 298 747 ac
321 714 397 746 fons
422 722 563 758 quantus
586 712 630 745 sit
652 713 809 758 corporei
826 713 973 746 luminis.
1010 713 1059 745 lta
1084 725 1164 754 ergo

33 776 125 822 quasi
148 775 233 808 radii
258 775 394 820 quidam
417 783 494 807 sunt
518 774 585 807 Dei
610 784 747 808 naturae
773 787 876 820 opera
899 774 1031 807 divinae
1049 774 1164 818 provi—

32 838 164 871 dentiae
197 846 230 869 et
262 837 359 881 ars-²³)
393 835 618 868 univcrsitatis
648 836 765 876 huius,
800 837 842 869 ad
875 835 1164 880 comparationem

29 898 133 944 ipsius
146 898 179 942 ⁴²)
203 898 406 931 substantiae
435 910 473 930 ac
503 906 652 931 naturae.
708 898 799 941 Quia
829 910 908 940 ergo
934 910 1027 930 mens
1050 907 1165 930 nostra

29 960 184 1006 ipsum⁵)
210 972 272 1004 per
294 972 328 992 se
353 959 459 1003 ipsam
486 959 622 999 Deum,
658 959 744 992 sicut
769 969 835 999 est,
867 972 936 991 non
967 968 1080 1004 potest
1112 959 1163 991 in-

28 1022 134 1062 tueri,
170 1034 207 1053 ex
238 1020 490 1065 pulchritudine
528 1034 671 1065 operum
710 1030 743 1053 et
782 1022 906 1054 decore
937 1029 1164 1053 creaturarum

29 1072 200 1129 parentem
231 1081 457 1115 universitatis
488 1081 656 1123 intelligit.
713 1083 791 1114 Non
829 1094 908 1123 ergo
947 1091 1005 1114 aut
1040 1095 1163 1126 corpus

30 1145 187 1189 aliquod,
225 1152 280 1176 aut
304 1144 338 1176 in
372 1155 517 1187 corpore
542 1155 612 1175 esse
636 1144 803 1187 putandus
829 1153 878 1176 est
900 1144 1005 1183 Deus,
1029 1144 1089 1176 sed
1114 1144 1166 1176 in-

29 1205 231 1240 tellectualis
254 1214 370 1237 natura
394 1204 552 1248 simplex,
579 1205 661 1237 nibil
688 1204 826 1237 omnino
858 1204 891 1236 in
916 1218 950 1237 se
975 1205 1165 1251 adjunctio·

29 1271 79 1301 nis
102 1267 298 1300 admittens:
332 1265 382 1298 uti
411 1278 454 1297 ne
483 1265 589 1311 majus
620 1265 748 1310 aliquid
781 1275 814 1298 et
844 1265 983 1298 inferius
1004 1266 1038 1310 ⁶)
1069 1266 1103 1298 in
1128 1280 1162 1299 se

30 1331 152 1363 habere
177 1329 347 1367 credatur,
378 1328 436 1359 sed
461 1337 499 1359 ut
522 1327 564 1360 sit
590 1340 628 1359 ex
654 1327 746 1360 omni
777 1337 872 1372 parte
896 1327 1030 1370 μονάς,
1062 1337 1095 1360 et
1124 1338 1163 1360 ut

28 1392 74 1425 ita
98 1391 206 1424 dicam
232 1387 326 1429 ἑντὶς,
351 1398 384 1421 et
407 1401 519 1428 mens,
549 1401 587 1421 ac
610 1390 705 1428 fons,
742 1401 779 1421 ex
804 1402 872 1434 quo
898 1389 1032 1421 initium
1057 1383 1163 1422 totius

28 1451 266 1487 intellectualis
288 1460 443 1491 naturae,
468 1450 521 1482 vel
545 1450 667 1483 mentis
692 1460 753 1485 est.
798 1451 896 1483 Mens
922 1463 1003 1483 vero
1028 1460 1065 1483 ut
1089 1465 1163 1483 mo-

28 1525 156 1554 veatur,
180 1513 437 1557 veboperetur,
468 1524 537 1544 non
572 1511 699 1554 indiget
730 1513 808 1545 loco
834 1525 1022 1556 corporeo,
1052 1525 1162 1557 neque

29 1576 177 1610 sensibili
200 1573 448 1616 magnitudine,
489 1573 544 1605 vel
576 1575 749 1618 corporali
772 1574 906 1613 habitu,
945 1583 1001 1606 aut
1026 1575 1162 1613 colore3

30 1651 139 1683 neque
170 1637 238 1670 alio
269 1636 343 1669 ullo
378 1649 515 1680 prorsus
549 1635 676 1677 indiget
706 1636 845 1674 horum,
882 1647 968 1679 quae
1009 1635 1162 1679 corporis

124 1766 156 1809 ¹)
183 1765 239 1799 Sic
264 1779 380 1799 omnes
403 1767 484 1800 Mss.
509 1766 602 1799 Alias
634 1767 680 1810 (v
707 1779 735 1798 c.
760 1765 793 1797 in
819 1765 894 1798 edd.
920 1764 987 1808 Μ.)
1024 1776 1163 1808 „quam-

31 1811 80 1844 vis
102 1810 278 1855 purissima
301 1816 416 1844 mens“
442 1821 505 1844 etc.
529 1812 570 1844 R.

123 1867 157 1909 ²)
182 1866 239 1899 Sic
264 1880 378 1899 omnes
402 1868 485 1900 Mss.
509 1867 617 1899 Alias:
646 1867 734 1909 „illis
758 1829 979 1909 receptaculis
1002 1863 1162 1897 brevibus

30 1913 190 1945 infusos.“
218 1912 258 1944 R.
282 1931 325 1937 —
348 1912 435 1945 Edd.
460 1913 510 1946 M.
542 1912 637 1954 „aliis
671 1911 891 1956 receptaculis
924 1910 1083 1943 brevibus
1114 1910 1163 1942 in-

30 1960 154 1991 1usos.“

121 2014 155 2057 ³)
182 2012 239 2046 Sic
265 2013 343 2046 Mss.
369 2013 460 2045 Alias
491 2013 538 2057 (v.
563 2026 581 2046 c
616 2014 651 2046 in
677 2013 753 2047 edd.
778 2012 846 2057 Μ.)
871 2012 964 2044 deest
991 2014 1094 2045 »ἂι-ε.ιι
1122 2012 1161 2045 R.

121 2071 156 2112 ⁴)
180 2069 285 2101 Deest
311 2068 457 2113 „ipsius“
486 2067 522 2100 in
547 2069 623 2101 edd.
648 2070 696 2103 M.

123 2125 156 2169 ⁵)
181 2124 239 2158 Sic
263 2124 342 2157 Mss.
376 2123 467 2156 Alias
498 2125 545 2169 (v.
570 2138 597 2157 c.
621 2124 656 2157 in
681 2125 757 2158 edd.
782 2124 849 2168 M.)
886 2123 1018 2168 „ipsum
1043 2136 1104 2167 per
1127 2136 1162 2155 se

28 2169 152 2204 Deum.
156 2182 173 2198 «
198 2171 229 2203 R

123 2226 159 2271 ὃ)
183 2226 232 2258 Ita
257 2238 374 2258 omnes
398 2224 479 2257 Mss.
507 2223 599 2257 Alias
623 2224 670 2268 (v,
695 2236 723 2256 c.
747 2223 783 2256 in
808 2224 883 2257 edd.
910 2224 976 2268 Μ.)
1002 2222 1163 2265 „inferius

33 2283 103 2304 esse
126 2271 299 2349 negatur,
333 2270 393 2303 sed
418 2288 459 2294 —
490 2269 628 2315 μονάς,
660 2277 693 2301 et
722 2277 760 2302 ut
789 2268 835 2302 ita
867 2268 977 2303 dicam
1008 2277 1100 2302 totus
1130 2278 1164 2299 et

29 2319 154 2349 mens“
214 2341 221 2348 .

74 2377 252 2411 Omcssms
279 2376 408 2411 OPERA
434 2377 530 2411 ΤοΜ.
552 2377 648 2410 ΧΧΙ.
944 2374 965 2408 3
