1404 2463
202 113 245 147 9«)
678 116 853 149 OMGEMS

436 277 674 317 CAPUT
735 277 1088 326 QUINTUM.

491 376 544 409 De
568 376 822 409 rationabilibus
839 377 870 421 ¹)
895 378 1033 411 naturis.

290 468 318 500 1.
365 467 446 499 Post
472 479 542 498 eam
569 466 819 508 dissertionem,
845 480 942 511 quam
969 468 1010 499 de
1034 466 1144 506 Patre,
1169 474 1202 498 et
1225 460 1327 506 Fili'o,

202 537 233 560 et
258 527 384 572 Spiritu
410 537 534 567 sancto,
561 537 721 572 quantum
746 529 926 569 valuimus,
952 529 1098 560 breviter
1122 527 1327 569 digessimus,

201 602 405 633 consequens
431 598 479 620 est
504 589 602 620 etiam
630 590 670 621 de
695 591 818 622 naturis
844 590 1106 629 rationabilibus,
1132 602 1168 621 ac
1194 590 1234 621 de
1253 603 1328 633 spe-

202 650 316 683 ciebus
343 663 453 682 carum
486 659 519 682 et
552 651 742 690 ordinibus,
782 653 834 684 vel
872 652 993 684 officiis
1028 661 1095 684 tam
1131 660 1328 689 sanctarum,

202 726 298 757 quam
325 712 422 744 etiam
448 711 667 754 malignarum
692 712 869 752 virtutum,
893 713 950 745 sed
977 722 1009 745 et
1033 713 1075 745 de
1102 712 1171 752 his,
1195 712 1252 757 qui
1277 711 1327 744 in-

201 784 251 806 ter
275 774 330 806 has
353 775 456 806 bonas
482 782 515 805 et
538 774 641 806 malas
665 774 768 806 medii
794 774 929 818 quidam
947 775 980 819 ²)
1006 776 1140 818 sunt,³)
1166 783 1199 806 et
1211 775 1245 818 ⁴)
1271 773 1328 805 ad-

200 836 264 868 huc
289 835 322 868 in
347 849 451 877 agone
475 845 574 880 atque
606 835 638 874 in
673 836 852 868 certamine
877 836 995 881 positi,
1026 849 1131 881 pauca
1157 836 1327 868 disserere.

203 897 460 941 Quamplurirna
490 911 633 942 namque
665 898 699 930 in
731 898 851 930 sanctis
883 899 1066 942 Scripturis
1097 898 1327 940 invenimusf')

202 959 358 991 ordinum
378 960 587 1004 quorundam
606 968 704 1004 atque
721 959 912 992 officiorum
926 970 993 992 tam
1007 969 1208 999 sanctorum,
1228 972 1327 1004 quam

202 1021 300 1052 etiam
325 1021 569 1053 contrariorum
595 1021 750 1053 nomina:
775 1034 858 1065 quae
872 1021 906 1064 ⁶)
930 1021 1022 1065 prius
1037 1022 1327 1066 proponentes,⁷)

200 1092 271 1114 turn
297 1083 417 1114 deinde
443 1082 522 1127 quid
545 1083 608 1115 sibi
633 1083 712 1115 velit
736 1083 858 1114 horum
883 1083 1089 1125 significatio,
1115 1097 1177 1128 pro
1191 1083 1224 1128 ⁸)
1247 1082 1328 1114 viri-

199 1145 261 1176 bus
285 1144 405 1176 uostris
430 1144 596 1177 discutere
620 1144 893 1189 pertentabimus.
950 1145 1037 1177 Sunt
1066 1145 1201 1189 quidam
1225 1143 1328 1177 sancti

201 1206 309 1248 angeli
331 1205 414 1245 Dei,
451 1219 536 1250 quos
566 1206 689 1238 Paulus
701 1207 734 1250 ⁹)
761 1206 995 1238 ministeriales
1019 1206 1154 1251 spiritus
1179 1205 1327 1250 appellat

202 1269 242 1299 :id
268 1267 488 1299 ministerium
522 1268 702 1300 destinatos
734 1278 876 1312 propter
905 1281 982 1307 eos,
1008 1269 1064 1313 qui
1089 1268 1327 1300 haereditatem

204 1329 337 1374 capiunt
368 1329 400 1361 in
434 1329 584 1363 salutem.
633 1331 734 1374 Apud
765 1330 874 1374 ipsum
909 1344 1044 1375 quoque
1068 1340 1217 1363 sanctum
1241 1330 1328 1362 Pau-

203 1392 273 1423 lum
298 1391 500 1431 invenimus,
535 1391 646 1423 nescio
681 1392 769 1423 uude
801 1402 1004 1431 sumentem,
1038 1391 1328 1433 cognominantem

202 1463 313 1485 tamen
340 1453 496 1497 quasdam
521 1453 626 1492 sedes,
652 1462 684 1485 et
709 1453 972 1494 dominationes,
998 1463 1030 1486 et
1054 1453 1270 1499 principatus,
1296 1461 1329 1484 et

203 1523 402 1559 potestates,
433 1524 465 1546 et
488 1524 565 1559 post
589 1515 875 1547 enumerationem
900 1515 1038 1556 horum,
1064 1515 1155 1547 velut
1179 1514 1243 1546 alia
1267 1515 1326 1546 ad-

300 1654 331 1698 ¹)
357 1653 462 1686 Caute
493 1655 675 1686 admodum
707 1654 882 1696 legendum
914 1663 964 1686 est
994 1654 1057 1686 hoc
1090 1653 1243 1697 quintum
1275 1667 1328 1687 ca-

205 1708 277 1743 put,
301 1712 362 1730 nec
382 1712 450 1731 non
475 1713 616 1743 sequens
642 1709 788 1738 sextum,
821 1700 947 1744 quippe
977 1698 1036 1730 ubi
1060 1698 1143 1731 nihil
1174 1700 1244 1732 fere
1270 1709 1328 1739 est,

206 1744 297 1788 quod
321 1757 337 1775 a
363 1745 545 1776 catholicae
570 1745 648 1777 fidei
674 1758 792 1777 norma
822 1758 889 1776 non
920 1745 1075 1785 recedat3
1105 1757 1166 1776 nec
1193 1757 1326 1777 excusa-

206 1788 306 1821 tionis
331 1789 443 1820 locum
467 1790 573 1821 ullum
605 1790 741 1822 haberet
765 1790 944 1831 Origenes,
975 1789 1002 1821 si
1033 1789 1113 1822 haec
1137 1802 1203 1821 non
1230 1803 1326 1830 „cum

205 1847 323 1875 magno
350 1843 442 1866 metu
468 1844 499 1866 et
524 1836 687 1875 cautela,“
720 1844 756 1867 ut
780 1848 856 1866 mox
881 1835 1030 1867 dicturus
1055 1843 1124 1873 est,
1148 1835 1326 1867 discutiens

208 1880 309 1920 magis
342 1888 374 1911 et
404 1889 608 1923 pertractans
640 1893 758 1925 „quam
790 1893 851 1924 pro
885 1889 978 1912 certo
1010 1892 1047 1912 ac
1071 1879 1230 1912 definito«
1262 1889 1327 1913 sta-

208 1925 336 1957 tuisset.
364 1925 404 1956 R.

299 1979 332 2023 ²)
358 1979 419 2011 Ed.
446 1980 492 2013 Μ.
520 1981 541 2012 I.
571 1981 758 2025 „quidem.“
875 1980 908 2024 ³)
934 1980 1020 2012 Edd.
1045 1980 1094 2012 M.
1121 1980 1237 2022 „sint.“

300 2037 333 2078 ⁴)
360 2036 413 2067 Sic
438 2035 516 2068 Mss.
552 2037 642 2069 Alias
679 2039 724 2081 (v.
751 2051 777 2070 c.
802 2037 834 2069 in
860 2037 935 2069 edd.
960 2036 1025 2079 M.)
1057 2045 1112 2076 „et
1141 2046 1178 2068 ut
1209 2036 1261 2069 hic
1291 2036 1326 2069 in

208 2084 333 2123 ςιὲοιωῐι
360 2089 421 2112 etc.
447 2081 485 2111 R.
580 2083 612 2126 ὁ)
637 2083 722 2115 Edd.
747 2083 794 2115 M.
829 2081 1085 2114 „invenit-must

300 2137 332 2180 ⁶)
358 2135 394 2168 ln
420 2135 515 2168 editis
541 2137 633 2170 libris
658 2140 704 2182 (V.
730 2151 756 2171 c.
782 2139 857 2170 edd.
882 2138 948 2182 M.)
973 2137 1082 2169 deest:
1109 2141 1246 2181 „quae.“
1274 2137 1316 2171 R.

301 2192 333 2235 ⁷)
357 2191 443 2224 Edd.
470 2191 516 2224 M.
544 2203 801 2237 „proponentes
851 2194 940 2226 Tum
964 2193 1104 2225 deinde“
1132 2202 1192 2226 etc.
1217 2194 1259 2226 R.

299 2249 333 2291 ⁸)
357 2247 561 2280 Genebrard.
588 2263 669 2293 „pro
695 2250 845 2282 virilibus
869 2248 1021 2282 nostris.“

270 2306 277 2312 “
300 2305 332 2346 υ)
360 2303 426 2335 Csr.
453 2302 553 2340 Ilebt.
575 2305 596 2345 l,
624 2306 672 2340 1-1,
700 2306 777 2339 coll.
793 2307 842 2339 ed.
861 2305 978 2349 Redep
1004 2304 1162 2349 pag.131.
1187 2314 1256 2337 not.
1273 2305 1326 2342 32.
