1404 2463
191 90 256 123 340
668 90 845 123 ORIGENIS

193 190 277 213 statu
311 180 443 212 videtur
467 193 555 217 esse,
585 193 694 224 neque
724 180 898 212 manifeste
925 180 958 212 in
983 181 1092 220 malo,
1123 184 1179 215 sed
1206 195 1275 215 esse
1293 183 1322 226 ¹)

197 242 348 282 animali,
374 251 410 274 ut
437 241 479 274 ita
503 241 654 281 dixerim,
677 242 808 275 similis.
858 241 983 274 Melius
1007 252 1117 275 autem
1144 253 1203 284 est,
1227 253 1275 283 ut,
1297 244 1323 277 si

196 304 269 337 {ieri
294 313 418 348 potest,
440 303 620 336 adhaerens
643 303 774 349 spiritui
794 303 959 335 efficiatur
975 304 1173 348 spiritualis;
1196 305 1223 337 si
1242 318 1321 338 vern

197 367 270 400 fieri
303 380 371 398 non
403 375 534 410 potest,
569 365 670 407 magis
701 365 837 410 expedit
860 378 932 397 eam
959 365 1009 397 vel
1034 369 1140 398 carnis
1164 366 1325 399 malitiam

198 429 312 475 sequi,
345 441 444 473 quam
477 426 510 459 in
543 427 609 459 suis
643 428 787 472 positam
820 427 1047 460 voluntatibus
1071 427 1223 461 animalis
1246 427 1328 460 irra—

198 491 371 525 tionabilis
403 499 523 522 statum
549 498 672 522 tenere.
720 489 811 522 Hace
837 499 947 521 autem
972 489 1186 522 tractavimus
1212 490 1326 523 volen-

201 565 250 587 tes
277 553 479 594 singularum
511 550 730 583 assertionum
756 551 917 583 disserere
944 550 1138 594 opiniones,
1170 552 1328 596 ampliori

201 628 299 661 quam
325 613 493 646 voluimus
518 613 567 645 usi
593 613 786 656 excursu‚²)
818 612 868 645 uti
892 626 934 645 ne
961 613 1063 645 latere
1088 626 1149 645 nos
1173 622 1330 658 putaren-

202 687 257 710 tur
281 689 336 714 ea,
363 687 446 720 quae
471 674 601 706 movi-ri
626 675 736 707 solent
760 675 800 707 ab
826 674 894 713 his,
918 674 974 718 qui
1001 684 1185 719 quaerunt,
1214 684 1328 707 utrum

202 739 245 771 sit
274 738 339 770 alia
370 736 477 768 anima
508 736 541 768 in
573 736 672 768 nobis
704 746 837 781 praeter
860 736 943 768 lianc
967 737 1148 769 coelestem
1175 746 1207 769 et
1230 737 1330 770 ratio-

201 799 364 838 nabilem,
389 810 473 842 quae
498 798 574 829 huic
599 798 793 830 naturaliter
816 799 1029 840 adversetur,
1059 807 1092 830 et
1116 808 1256 831 vocetur
1280 798 1332 830 vel

199 871 293 903 raro,
318 861 370 892 vel
395 859 555 903 sapientia
582 859 697 899 carnis,
723 860 774 891 vel
800 859 909 891 anima
936 859 1052 892 carnis.

293 923 323 956 4.
371 923 468 954 Nunc
493 919 673 961 videamus,
699 921 778 966 quid
793 921 826 965 ³)
852 921 950 953 etiam
975 921 1152 953 adversum
1175 922 1258 954 haec
1283 935 1335 954 re-

203 983 364 1029 sponderi
395 983 502 1015 soleat
533 984 573 1014 ab
599 983 668 1022 his,
704 982 761 1027 qui
786 983 973 1015 defendunt
995 995 1098 1015 unum
1124 995 1194 1016 ess'e
1218 983 1251 1016 in
1275 997 1336 1016 no-

205 1046 254 1078 bis
274 1055 429 1084 motum,
469 1054 501 1077 et
527 1059 626 1077 unam
658 1045 760 1077 vitam
775 1045 808 1089 4)
834 1045 930 1077 unius
955 1044 1172 1090 ejusdemque
1196 1045 1336 1084 animae.

208 1107 301 1153 cujus
332 1107 402 1139 sive
433 1107 539 1145 salus,
573 1107 642 1139 sive
674 1106 822 1151 perditio
847 1107 1030 1139 secundum
1055 1117 1146 1140 actus
1169 1120 1248 1140 suos
1272 1108 1335 1152 ipsi

207 1169 345 1214 proprie
370 1168 585 1200 adscribatur.
633 1169 674 1200 Et
699 1169 811 1215 primo
837 1169 1025 1208 videamus,
1059 1170 1249 1215 cujusmodi
1272 1170 1338 1203 sint

207 1231 377 1276 passiones
401 1230 514 1270 animi,
539 1243 618 1274 quas
643 1230 800 1274 patimur,
826 1243 901 1263 cum
925 1230 1086 1264 sentimus
1103 1231 1187 1264 intra
1204 1240 1340 1264 nosmet

208 1293 299 1337 ipsos
331 1292 424 1324 velut
456 1292 489 1324 in
521 1301 632 1336 partes
662 1305 724 1325 nos
755 1292 828 1337 rapi
861 1305 922 1337 per
944 1293 1089 1335 singula3
1128 1307 1204 1325 cum
1229 1306 1337 1338 pugna

210 1355 372 1400 quaedam
399 1354 437 1386 fit
461 1353 701 1394 cogitationum
717 1356 750 1397 ⁵)
775 1354 808 1386 in
835 1355 994 1387 cordibus
1016 1355 1158 1394 nostris,
1183 1364 1216 1388 et
1239 1367 1340 1399 quae·
1365 1398 1369 1403 θ

210 1417 286 1448 dam
317 1415 413 1448 nobis
447 1415 754 1448 verisimilitudines
778 1426 1015 1458 suggeruntur,
1049 1415 1170 1461 quibus
1193 1429 1282 1448 nunc
1305 1415 1339 1449 in

211 1479 292 1518 hoc,
323 1490 411 1509 nunc
444 1476 478 1508 in
509 1476 601 1509 aliud
626 1476 846 1517 inclinamur,
879 1478 1067 1523 quibusque
1092 1490 1179 1510 nunc
1204 1477 1340 1522 quidem

210 1540 396 1582 arguimur,
435 1551 524 1570 nunc
561 1551 639 1570 vero
671 1548 803 1571 nosmet
834 1539 925 1583 ipsos
958 1539 1202 1583 amplectimur.
1249 1539 1342 1572 Nihil

211 1611 322 1635 autem
347 1613 502 1642 magnum
528 1609 595 1639 est,
620 1600 647 1632 si
671 1601 758 1632 mala
783 1601 912 1643 ingenia
939 1601 1105 1640 dicamus,
1138 1601 1215 1645 quia
1227 1601 1261 1645 6)
1287 1614 1341 1633 va-

211 1664 298 1696 rium
324 1676 361 1695 ac
384 1662 447 1695 sibi
471 1661 534 1706 ipsi
558 1675 742 1706 repugnans
768 1663 929 1708 judicium
954 1662 1115 1702 habeant,
1140 1671 1174 1694 et
1197 1675 1214 1694 a
1237 1672 1342 1695 semet

214 1726 287 1771 ipso
314 1725 529 1763 discordans,
561 1737 635 1756 cum
662 1724 762 1757 etiam
788 1725 819 1758 in
846 1724 1046 1769 omnibus7)
1074 1725 1117 1756 ita
1143 1723 1341 1765 inveniatur,

309 1910 338 1952 ¹)
363 1909 469 1941 Deest
495 1911 607 1949 „esse“
634 1908 666 1940 in
693 1909 767 1942 edd.
795 1906 843 1942 Μ.
873 1929 907 1934 -
944 1908 1013 1941 Cfr.
1039 1909 1090 1943 ed.
1115 1909 1244 1954 Redep.
1268 1922 1340 1955 pag.

211 1953 287 1989 303.
312 1964 383 1987 not.
407 1953 461 1988 26.

307 2010 341 2050 ²)
367 2009 423 2042 Sic
449 2010 529 2043 Mss.
554 2010 646 2042 Alias
672 2011 718 2054 (v.
746 2024 772 2042 c.
798 2010 830 2042 in
856 2011 933 2044 edd.
958 2009 1022 2054 Μ)
1051 2015 1236 2044 »excessu.“
1263 2012 1302 2046 R.
1339 2038 1344 2044 .

304 2065 337 2107 3)
363 2065 418 2097 Sic
443 2064 524 2097 Mss.
550 2065 642 2098 Alias
666 2066 713 2110 (v,
739 2080 766 2099 c.
792 2066 826 2098 in
851 2066 927 2099 edd.
951 2065 1018 2108 M.)
1046 2080 1151 2111 „quae
1177 2067 1275 2100 etiam
1300 2069 1341 2100 ad

214 2111 276 2142 hoc
302 2110 498 2153 responderi
523 2111 672 2144 solean&
699 2121 761 2144 etc.
788 2112 828 2145 R.

307 2166 339 2207 Δ)
365 2163 420 2197 Sic
446 2165 525 2198 Mss.
553 2166 642 2198 Alias
666 2169 713 2210 (v.
740 2180 766 2199 c.
793 2167 824 2199 in
850 2167 926 2199 edd.
954 2167 1016 2211 M.)
1044 2166 1240 2208 „animam.“
1270 2168 1306 2200 R.

303 2220 336 2263 ⁵)
363 2219 431 2252 Csr.
459 2221 559 2253 Rom.
587 2222 628 2261 ll,
656 2222 707 2255 15.
849 2223 884 2267 ⁶)
908 2222 970 2255 Ed.
996 2223 1043 2256 M.
1070 2223 1109 2254 ΙΙ.
1136 2223 1283 2266 „quod.“

302 2274 334 2318 ⁷)
360 2275 446 2309 Edd.
474 2276 520 2307 M.
550 2278 726 2309 „omnibns
753 2278 943 2310 hominibus
968 2278 1031 2310 ita«
1060 2288 1120 2310 etc.
