1404 2463
408 104 451 125 m:
477 93 668 125 Pumcmns
695 93 803 124 huma
830 93 870 124 ΙΙ.
1133 91 1199 125 217

81 185 206 216 bonum
239 183 316 227 in')
349 182 386 214 iis
419 181 592 226 proprium
618 182 730 220 fieret,
766 195 839 213 cnm
866 181 899 213 id
925 182 1096 213 voluntate
1122 194 1201 225 pro-

82 245 153 288 pria
191 254 393 277 servm-etur:
430 244 487 276 sed
519 243 643 275 desidia
677 253 707 274 et
739 244 862 275 laboris
896 243 1044 276 taedium
1077 242 1108 274 in
1133 256 1200 274 ser-

85 308 191 338 vando
223 307 333 346 bono,
365 315 396 337 et
426 304 554 337 aversio
581 305 662 348 ac2)
688 305 886 345 negligentia
910 304 1108 342 meliorum,
1139 303 1202 335 ini-

83 367 166 399 tium
198 367 289 399 dedit
320 367 496 399 recedendi
529 379 544 398 a
576 367 677 398 bono.
727 367 895 398 Revedcre
920 375 1030 398 autem
1057 379 1073 397 a
1098 367 1200 405 bono,

84 441 150 460 non
182 429 273 462 aliud
299 438 345 461 est
371 443 468 473 quain
495 428 580 460 effici
607 428 639 459 in
665 428 765 460 malo.
815 427 950 460 Certum
975 440 1117 470 namque
1143 437 1200 465 est,

85 491 209 522 [nalum
241 503 308 522 esse
340 492 429 522 bono
461 502 583 523 carere.
631 489 677 521 Ex
704 502 770 533 quo
796 488 932 528 accidit,
964 498 1000 521 ut
1024 489 1056 520 in
1082 498 1201 532 quant-¹1

85 565 235 584 mensura
266 552 337 596 quis
369 552 603 583 devolveretur
628 563 644 582 a
669 552 779 588 bono,
811 551 842 582 in
867 559 988 582 tantam
1015 563 1201 582 mensuram

85 613 230 646 malitiae
256 613 432 645 deveniret.
475 614 516 657 ,¹¹¹
543 626 609 656 quo
635 612 750 656 utique
776 625 837 656 pro
863 612 1010 644 motibus
1035 612 1100 644 suis
1123 626 1203 644 una-

85 687 234 719 quaeque
264 687 355 706 mens
386 675 436 706 ve!
468 674 629 718 amplius,
664 674 759 717 vel³)
792 673 922 717 parcius
947 675 1074 705 bonum
1100 674 1205 716 negli—

84 749 179 778 gens,
216 736 249 768 in
280 737 482 768 contrarium
515 736 612 775 boni,
649 737 738 779 quod
772 735 841 767 sinr-
867 735 970 767 dubio
996 737 1119 768 malum
1145 746 1205 775 est,

83 798 283 830 trahebatur.
330 798 377 829 Ex
409 810 475 841 quo
509 797 640 830 videtur
669 798 793 829 semina
825 798 1004 841 quaedam,
1036 807 1069 830 et
1093 812 1205 831 causas

86 860 251 892 varietatis
283 873 319 892 ac
354 859 551 891 diversitatis
582 859 639 891 ille
670 859 820 891 omnium
847 859 1004 891 conditor
1027 860 1204 904 accepisse,

85 930 120 953 ut
151 934 214 965 pro
239 920 429 953 diversitate
453 921 634 960 mentium,
666 920 698 952 id
732 930 780 952 est
805 920 1051 952 rationabilium
1078 930 1205 952 creatu-

83 996 204 1022 rarum,
230 995 326 1026 quam
353 982 573 1014 diversitatem
600 995 636 1014 ex
663 995 698 1014 ea
725 995 829 1020 causa,
861 995 959 1026 quam
984 981 1133 1025 superius
1159 983 1207 1014 di-

86 1044 210 1084 ximus,
249 1045 413 1088 putandae
451 1054 529 1076 sunt
560 1043 769 1088 concepisse,
810 1043 936 1075 varium
968 1056 1005 1075 ac
1038 1043 1205 1076 diversum

87 1115 224 1141 crearet.
272 1105 376 1147 Quod
409 1115 517 1137 autem
545 1105 670 1137 varium
695 1119 731 1138 ac
758 1105 924 1137 diversum
951 1104 1111 1145 dicimus,
1142 1105 1206 1137 hoc

87 1178 135 1200 est
160 1170 249 1213 quod
277 1168 431 1200 volumus
455 1167 609 1199 indicare.

175 1230 206 1264 3.
254 1230 420 1263 Mundum
434 1228 465 1273 ⁴)
492 1242 579 1260 nunc
604 1227 763 1267 dicimus,
796 1241 894 1260 omne
920 1230 1010 1273 quod
1038 1239 1083 1262 esi
1108 1243 1209 1275 super

88 1292 218 1330 coelos,
255 1291 352 1335 ve15)
378 1291 410 1322 in
436 1291 555 1329 coelis,
592 1290 641 1321 vel
667 1291 814 1333 superfi)
841 1299 979 1330 terram,
1017 1291 1067 1323 vel
1092 1291 1125 1324 in
1149 1292 1208 1332 his,

88 1353 143 1397 qui
175 1352 271 1384 inseri
301 1352 528 1396 appellantur,
566 1352 618 1383 vel
655 1364 870 1396 quaecunque
902 1365 1040 1397 usquam
1073 1367 1209 1398 prorsus

88 1415 161 1446 loca
186 1423 271 1453 sunt,
304 1423 336 1445 et
359 1414 402 1452 hi,
427 1413 483 1458 qui
507 1413 540 1445 in
565 1413 643 1457 ipsis
668 1414 787 1454 degere
812 1413 1033 1447 nominantur.
1081 1416 1208 1448 Totum

88 1488 167 1517 ergo
198 1475 262 1507 hoc
291 1476 433 1507 mundus
464 1484 612 1509 vocatur.
660 1476 695 1507 In
727 1489 793 1520 qno
820 1477 946 1508 mundo
972 1478 1135 1521 quaedam
1161 1478 1210 1510 di-

89 1547 209 1570 cuntur
232 1550 300 1569 esse
324 1536 594 1581 supercoelestia,
618 1537 697 1580 id⁷)
717 1547 774 1576 est,
799 1537 831 1569 in
856 1537 1116 1571 habitationibus
1132 1541 1211 1573 bea-

89 1599 231 1631 tioribus
255 1598 381 1643 posita,
415 1606 447 1629 et
471 1597 670 1641 corporibus
694 1598 946 1631 coelestioribus
971 1612 1008 1631 ac
1031 1601 1211 1644 splenden-

186 1716 217 1759 ¹)
243 1715 309 1748 Sic.
335 1714 413 1748 Mss.
439 1714 528 1746 Alias
554 1714 600 1757 (v,
626 1727 653 1747 c.
678 1714 710 1746 in
737 1715 812 1747 edd.
838 1714 902 1753 Μ)
938 1716 989 1748 »in
1022 1716 1060 1749 iis
1085 1731 1212 1763 propo-

94 1759 195 1793 situm
220 1760 343 1793 fieren«
371 1760 410 1792 R.
429 1780 468 1785 —
493 1759 578 1790 Vide
600 1759 830 1800 Origenianor.
856 1759 913 1793 lib.
934 1761 972 1793 Π.
998 1772 1120 1806 quaest.
1136 1764 1210 1799 VII.

93 1818 183 1838 num.
211 1804 261 1838 14.
372 1805 405 1846 ²)
430 1805 492 1836 Ed.
518 1805 565 1836 M.
592 1805 615 1837 l.
643 1804 751 1836 »hae«

187 1860 219 1903 ³)
245 1859 376 1892 Priores
408 1859 570 1892 editiones
601 1860 646 1902 (v.
681 1872 707 1892 c.
740 1854 815 1892 edd.
840 1859 906 1900 Μ.)
939 1862 1097 1895 omittunt
1137 1865 1211 1904 „vel

94 1904 258 1956 parsiue,‹=
288 1905 377 1948 quod
408 1905 547 1936 habetur
570 1904 603 1936 in
630 1905 707 1937 Mss.
732 1905 772 1936 R.
798 1926 837 1930 -—
874 1905 960 1937 Vide
987 1906 1032 1938 lib
1069 1908 1108 1940 ΙΙ.
1135 1909 1212 1942 Ori-

96 1962 264 1991 gemanor.
290 1958 414 1993 quaest.
437 1950 512 1982 Xll.
537 1963 627 1982 num.
651 1950 683 1983 2.

188 2006 221 2047 ¹²)
246 2005 282 2036 In
310 2005 384 2036 edd.
411 2004 457 2037 Μ.
482 2004 546 2035 hoc
571 2004 646 2036 loco
672 2005 790 2049 incipit
815 2005 924 2050 Caput
950 2007 1020 2046 IX.‚
1056 2008 1154 2040 tinulo
1180 2010 1211 2042 in

96 2051 206 2082 fronu-
231 2049 340 2093 posito
367 2050 486 2081 hocce:
518 2049 570 2081 De
595 2051 731 2082 mundo.
778 2051 845 2084 Csr.
870 2064 942 2095 pag.
966 2052 1042 2086 214.
1066 2063 1135 2087 not.
1161 2055 1190 2088 7.

191 2106 223 2147 ⁵)
248 2106 333 2138 Edd.
362 2105 408 2138 Μ.
435 2114 518 2145 „et.«

190 2163 222 2205 ὅ)
251 2161 339 2192 Alias
364 2164 409 2202 (v.
435 2174 462 2192 c.
487 2160 518 2192 in
537 2161 612 2194 edd.
630 2161 695 2204 M.)
723 2175 838 2206 »supra
864 2172 996 2204 ten-mm,
1018 2166 1068 2197 vel
1094 2166 1126 2198 in
1153 2166 1212 2208 his,

98 2220 182 2252 quae
208 2206 327 2239 inseri«
356 2206 493 2238 etc.‘R.¹

192 2261 225 2305 ἲ)
250 2262 379 2293 Desunt
404 2262 519 2293 verba:
548 2261 599 2293 »id
626 2265 692 2293 csl“
720 2261 751 2294 in
778 2263 852 2295 edd.
880 2263 927 2296 Μ.
