1404 2463
152 89 219 123 405
632 87 811 120 Omnems

153 178 308 210 inefficax
344 186 377 210 et
409 176 615 221 inexplebile
645 185 780 209 notaret
805 176 991 220 inceptum.
1042 178 1084 209 At
1115 190 1194 210 vero
1220 178 1253 210 in
1271 178 1301 221 ¹)

156 239 250 271 omni
276 240 359 271 orbe
384 248 567 279 terrarum,
589 238 622 270 in
648 237 742 271 omni
769 237 929 278 Graecia,
961 239 1112 283 atque2)
1137 238 1302 271 universis

157 300 278 333 exteris
309 299 503 333 nationibus
534 299 702 332 innumeri
718 300 750 344 ³)
776 308 851 331 sunt
878 308 910 331 et
934 299 1110 342 immensi,
1143 299 1201 344 qui
1223 300 1305 333 reli·

158 362 220 395 ctis
243 362 361 407 patriis
386 360 533 403 legibus,
567 371 600 393 et
622 360 691 400 his,
724 373 808 404 quos
833 361 1041 404 putabant‘)
1066 361 1181 400 Deos.
1213 361 1304 405 ad5)

159 423 406 456 observantiam
434 421 541 456 Mosis
575 422 654 465 legis
688 432 720 454 et
752 421 992 466 discipulatum
1025 435 1060 455 se
1085 421 1210 455 Christi
1236 422 1306 454 cul-

159 495 301 530 tumque
328 484 559 525 tradiderunt;
591 494 623 517 et
649 484 714 517 hoc
738 496 806 516 non
833 485 905 516 sine
930 483 1056 525 ingenti
1082 483 1164 516 odio
1189 483 1309 516 adver-

1360 137 1367 141 .
1343 0 1367 29 Δ

1379 0 1393 143 -τᾞ

162 548 285 591 sums’)
316 559 351 579 se
383 555 559 579 commoto
585 559 722 586 eorum¹
754 545 811 590 qui
837 545 1016 577 simulacra
1041 544 1307 588 venerantur37)
1356 573 1358 575 ,

162 608 208 641 ita
240 617 279 640 ut
312 608 353 640 ab
389 607 440 640 his
471 608 668 652 frequenter
693 617 727 639 et
751 606 954 639 cruciatibus
979 606 1190 647 affligantur,
1221 619 1308 649 pon·
1355 645 1357 647 .

169 681 344 714 nunquam
377 668 477 701 etiarn
517 678 655 711 agantur
692 668 724 700 in
761 677 919 700 mortem.
970 667 1233 712 Amplectuntur
1264 677 1312 700 ta-

165 745 242 764 men
275 740 307 764 et
340 744 416 764 curn
452 730 545 762 omni
578 730 704 762 affectu
746 730 941 762 custodiunt
975 728 1150 761 doctrinae
1186 728 1310 762 Christi

166 807 252 825 serm
258 806 371 826 onem.

253 855 286 888 2.
334 854 378 886 Et
409 863 458 885 est
489 852 623 890 videre,
661 853 838 896 quomodo
863 852 959 884 brevi
985 861 1139 896 tempore
1163 852 1234 896 ipsa
1260 864 1312 884 rc-

168 916 248 957 ligio
283 914 444 958 crevit‚⁸)
470 912 590 958 poenis
617 912 788 945 cultorum
802 912 835 957 9)
860 913 1094 957 mortibusque
1121 913 1315 956 prolicit-ns,

1156 1042 1171 1049 -

269 1098 299 1140 ¹)
327 1097 396 1140 Cfr.
422 1096 517 1139 Orig.
536 1097 629 1141 Opp.
655 1097 708 1129 ed.
734 1096 775 1129 de
801 1097 830 1128 la
856 1097 930 1129 Rue
951 1097 1050 1130 Tom.
1071 1097 1128 1129 1V.
1157 1097 1314 1141 Appcud.

173 1156 245 1188 pag
263 1143 319 1177 29.
345 1156 438 1187 seqq.
464 1141 546 1174 coll.
573 1143 626 1174 ed.
651 1151 758 1174 nostr.
777 1142 877 1174 Tom.
895 1142 1023 1175 XXIV.
1041 1155 1115 1186 pag.
1129 1141 1204 1177 349.
1223 1155 1314 1204 seqq.

249 1200 300 1250 ²)
326 1198 383 1232 Sic
408 1198 488 1231 Mss.
515 1197 608 1230 Edit?
641 1210 721 1229 vero
755 1198 802 1240 (v.
830 1211 856 1229 c.
883 1197 960 1230 edd.
988 1197 1053 1239 Μ.)
1089 1206 1211 1240 „atque
1243 1197 1318 1230 uni-

173 1243 276 1277 versis
302 1243 421 1277 ceteris
445 1243 661 1276 nationibus“
688 1251 750 1275 etc
772 1243 810 1277 R.
833 1263 871 1268 —
900 1244 994 1275 ldern
1020 1252 1132 1274 tamen
1150 1242 1251 1276 Tom.
1263 1243 1317 1275 lV.

174 1289 242 1322 loc.
277 1290 368 1322 laud.
403 1289 513 1330 „.Cod
545 1289 628 1330 Reg.
660 1295 762 1331 atque
792 1289 831 1320 in
863 1290 990 1321 exteris
1022 1288 1221 1321 nationibus
1255 1297 1317 1320 etc.

176 1334 262 1367 Cod.
289 1334 518 1368 Sorbonicus:
546 1340 648 1377 atque
673 1333 902 1366 exterioribus
929 1334 1127 1367 nacionibus
1153 1341 1215 1365 etc.

270 1392 303 1434 3)
332 1390 419 1422 Edd.
446 1389 494 1421 M.
523 1387 670 1430 „inventi
698 1392 795 1420 sunfi‘
824 1398 886 1421 etc.

270 1445 304 1489 ⁴)
329 1445 392 1477 Ed.
416 1445 456 1477 R.
483 1444 582 1476 Torn.
609 1443 666 1476 lV.
692 1443 757 1476 loc.
786 1443 874 1475 laud.
901 1443 934 1475 in
959 1452 1071 1475 textu:
1099 1445 1318 1488 „putabant‚“

174 1491 209 1523 in
233 1490 324 1523 notis
348 1503 447 1522 vero:
475 1489 576 1530 ἥΜεις).
603 1501 736 1520 omnes:
758 1493 919 1533 palamst

270 1545 304 1589 ⁵)
331 1545 387 1578 Sic
413 1544 493 1577 Mss.
519 1543 612 1576 Editi
640 1545 686 1587 (v.
715 1557 742 1576 c.
769 1544 844 1578 edd.
872 1545 936 1586 M.)
973 1545 1034 1583 „ad
1068 1545 1318 1577 observantiam

177 1591 317 1629 Moseae
350 1589 449 1631 legis,
487 1598 519 1621 et
551 1589 585 1621 in
617 1590 728 1632 (deest
752 1591 790 1622 in
815 1589 848 1620 in
874 1589 950 1621 edd.
975 1589 1043 1633 M.)
1069 1589 1320 1633 disciplinatum

177 1639 233 1668 se“
261 1633 323 1667 etc.
349 1636 390 1667 R.
408 1654 450 1659 --
476 1634 571 1666 Idem
597 1643 709 1666 tamen
736 1633 836 1666 Torn.
856 1634 911 1666 lV.
939 1633 1005 1668 loc.
1030 1635 1121 1667 land.
1146 1634 1180 1666 in
1207 1643 1319 1667 textu:

180 1681 256 1721 „vel
282 1679 501 1712 'observantia
534 1678 639 1711 Mosis
677 1679 774 1720 legis,
814 1678 846 1710 in
887 1679 1125 1723 discipulatum
1157 1682 1214 1711 se“
1247 1688 1321 1720 etc„

178 1727 212 1758 in
238 1725 343 1758 notis:
378 1724 511 1766 „Codd.
539 1723 748 1756 Soubonicus
782 1733 815 1755 et
838 1724 873 1757 S.
901 1723 1080 1757 Michaelis
1106 1725 1151 1756 in
1166 1724 1320 1768 periculo

178 1770 297 1804 maris:
321 1771 374 1803 vel
397 1770 436 1803 ob
461 1771 730 1821 repuynatzttarn
751 1770 858 1802 Mosis
865 1770 985 1820 Ἰεῃῐε,
1011 1771 1051 1803 in
1077 1771 1323 1821 discipulatum

179 1829 212 1849 se
246 1825 309 1849 etc.
358 1814 472 1847 Ceteri
498 1815 578 1847 ¹VIss.
614 1823 647 1846 et
678 1813 760 1845 editi
794 1823 831 1846 ut
864 1814 896 1846 in
929 1823 1047 1846 nostro
1080 1823 1184 1847 textu.
1230 1814 1324 1847 Libri

180 1874 261 1894 vero
295 1861 337 1893 de
362 1858 544 1903 Principiis
569 1868 638 1891 tam
664 1858 757 1898 editi,
783 1871 882 1903 quam
909 1859 990 1891 les.
1015 1860 1153 1892 habent:
1190 1860 1237 1892 ad
1259 1860 1321 1892 ob-

180 1907 394 1939 servantiam
418 1914 492 1944 em,
519 1913 552 1936 et
576 1904 621 1936 ita
646 1904 827 1945 legendum
852 1903 987 1936 videtur
1009 1903 1100 1948 juxta
1125 1904 1266 1937 Graeca.

272 1962 306 2005 ⁵)
331 1961 465 1993 Desunt
502 1960 552 1993 ed.
580 1960 620 1992 R.
646 1959 746 1993 Tom.
773 1960 830 1992 lv.
862 1959 929 1994 loc.
960 1959 1050 1992 laud.
1084 1961 1201 1992 verba:
1245 1960 1324 2001 „ad-

182 2019 315 2050 versum
339 2019 374 2038 se
400 2008 610 2038 commoto.“

277 2060 312 2104 ⁷)
336 2061 393 2094 Sic
416 2061 499 2093 Mss.
527 2060 659 2104 (itemq.
688 2060 833 2105 Apolog.
851 2060 993 2104 Pamph.
1019 2059 1085 2092 loc.
1102 2059 1209 2105 laud.)
1233 2059 1326 2092 Editi

185 2107 233 2150 (v.
261 2119 287 2138 c.
315 2106 391 2139 edd.
415 2106 483 2150 M.)
518 2106 800 2146 „venerabantur‚
839 2105 884 2137 ita
916 2115 953 2137 ut
984 2105 1024 2137 ab
1057 2105 1106 2137 his
1134 2125 1172 2130 —
1199 2105 1325 2146 afflige-

184 2159 311 2193 rentur,
334 2163 577 2195 nonnunquam
603 2151 704 2183 etiam
729 2154 925 2192 agerentur“
954 2160 1016 2182 etc.
1041 2151 1083 2184 R.

279 2205 314 2249 Β)
342 2205 443 2249 Apol.
466 2205 608 2250 Pamph.
637 2207 703 2240 loc.
729 2206 820 2239 laud.
847 2205 1043 2248 „creverit.“

281 2262 314 2305 ⁹)
340 2261 400 2294 Ed.
428 2262 467 2294 R.
492 2261 557 2294 hoc
584 2261 682 2301 loco,
708 2261 821 2306 itemq.
850 2263 950 2306 Apol.
976 2261 1118 2306 Pamph.
1143 2261 1210 2294 loc.
1236 2261 1327 2294 laud.
