1404 2463
177 120 245 155 430
668 120 844 154 Omonms

181 211 238 243 ubi
264 224 319 250 ea,
345 224 444 256 quam
470 211 613 243 diximus
638 210 765 253 anima,
781 211 812 254 ¹)
838 210 891 243 vel
914 210 1068 254 spiritus,
1092 211 1308 244 solummodo

180 273 398 316 intelligenda
427 282 514 306 sunt.
563 273 667 316 Quod
701 272 800 305 etiam
825 271 859 304 in
882 272 1071 314 Evangeliis
1087 273 1120 316 ²)
1145 273 1310 316 designari

184 345 279 378 puto,
305 349 380 368 cum
406 335 564 368 dicuntur
588 347 651 379 pro
675 334 912 379 purificatione
936 335 1145 368 Judaeorum
1171 348 1225 368 sex
1250 336 1309 382 hy—

182 398 274 429 ‹li-lae
299 398 429 442 positae
455 396 623 440 capientes
647 406 805 429 metretas
830 396 933 435 binas,
959 396 1012 429 vel
1027 406 1157 430 ternas:
1180 398 1214 430 in
1232 410 1312 442 quo,

182 470 220 491 ut
252 459 336 500 dixi,
368 459 433 491 hoc
466 458 598 490 videtur
629 471 739 490 sermo
772 458 982 500 evangelicus
1012 459 1162 491 indicare
1187 459 1229 491 de
1252 459 1313 498 his,

181 521 239 565 qui
253 520 286 564 ³)
319 521 477 553 dicuntur
505 520 539 552 in
571 521 707 553 occulto
738 521 779 552 ab
804 521 961 564 apostolo
985 520 1126 561 Judaei,
1161 521 1255 565 quod
1279 520 1314 553 hi

183 583 406 627 purificentur
436 595 497 627 per
527 583 665 614 verbum
692 582 906 626 Scripturae,
944 583 1112 626 capientes
1143 582 1312 615 interdum

183 644 320 688 quidem
345 645 426 676 duas
449 653 622 683 metretas,
653 644 686 676 id
713 653 763 676 est
786 644 915 677 animae
941 645 995 676 vel
1018 644 1173 689 spiritus,
1197 658 1315 678 secun-

183 708 264 739 ‹lum
296 707 389 751 quod
413 719 513 750 supra
538 705 698 746 diximus,
730 706 940 739 intellectum
965 707 1183 751 recipientes:
1215 706 1316 739 inter-

185 770 265 801 dum
296 778 408 801 autem
441 777 526 807 tres,
567 780 641 800 curn
674 767 774 799 etiam
806 770 1017 813 corporalem
1049 769 1317 811 intelligentiam,

185 844 270 875 quae
302 840 351 863 est
376 830 553 868 historiae,
589 842 720 861 servare
752 830 855 862 lectio
881 831 925 861 ad
947 830 1214 864 aedificationem
1238 841 1318 876 pot-

187 901 245 924 est.
287 892 353 924 Sex
379 904 460 922 vero
485 891 624 936 hydriae
649 891 938 935 consequenter&
963 891 1073 924 dictae
1097 903 1174 925 sunt
1198 894 1240 926 de
1257 894 1318 933 his,

186 954 244 998 qui
277 953 312 986 in
342 953 471 984 mundo
504 952 606 996 positi
637 953 869 997 purificantur.
919 954 956 985 ln
985 966 1041 985 sex
1073 954 1163 987 enim
1189 955 1318 995 diebus,

187 1015 290 1060 q·1i⁵)
321 1015 492 1058 perfectus
527 1024 577 1047 est
605 1028 782 1055 numerus,
822 1015 985 1047 mundum
1018 1016 1107 1048 hunc
1140 1026 1172 1049 et
1196 1017 1320 1057 omnia,

187 1091 271 1122 quae
296 1077 330 1109 in
356 1090 397 1109 eo
422 1086 510 1116 sunt,
533 1077 674 1118 legimus
703 1086 948 1110 consummata.
997 1077 1131 1120 Quanta
1154 1078 1256 1121 igitur
1278 1079 1321 1112 sit

186 1139 312 1172 utilitas
336 1140 370 1172 iu
396 1140 462 1171 hoc
487 1139 617 1183 primo,
644 1151 745 1183 quem
770 1139 933 1180 diximus,
958 1139 1059 1185 (170)
1082 1140 1249 1173 historiali
1271 1142 1321 1174 in-

187 1201 346 1242 tellectu,
384 1201 581 1233 testimonio
617 1210 667 1233 est
699 1201 849 1233 omnium
884 1202 1092 1234 credentium
1124 1203 1322 1243 multitudo,

187 1275 272 1306 quae
298 1271 331 1295 et
353 1263 430 1295 satis
454 1263 602 1295 fideliter
626 1272 660 1295 et
683 1263 884 1307 simpliciter
909 1263 1027 1304 credit,
1058 1277 1120 1297 nec
1144 1266 1248 1298 multa
1273 1278 1323 1298 as-

186 1325 334 1357 sertione
365 1325 509 1366 indiget,
543 1325 635 1369 quod
666 1325 777 1369 palam
803 1325 960 1357 omnibus
985 1335 1088 1370 patet.
1135 1326 1217 1372 Ejus
1241 1340 1321 1360 vero

186 1386 449 1428 intelligentiae,
481 1399 581 1430 quam
612 1387 706 1419 velut
738 1387 882 1419 animam
909 1400 979 1419 esse
1003 1387 1199 1432 Scripturae
1223 1403 1323 1434 supra

189 1448 345 1489 diximus,
373 1448 526 1492 exempla
550 1447 648 1480 nobis
667 1448 916 1492 quamplurima
934 1449 1029 1481 dedit
1044 1450 1220 1494 apostolus
1235 1451 1323 1483 Pau-

188 1512 256 1552 lus,
286 1509 374 1542 sicut
398 1519 447 1543 est
471 1510 506 1542 in
528 1510 638 1555 prima
662 1509 805 1554 epistola
829 1510 870 1542 ad
897 1510 1104 1543 Corinthios.
1151 1511 1322 1555 Scriptum

188 1581 239 1604 cst
264 1571 370 1604 enim:
410 1573 509 1613 „Non
521 1572 555 1616 ⁶)
579 1571 762 1604 infrenabis
785 1573 908 1604 hovem
932 1573 1178 1607 triturantem.“
1227 1573 1324 1606 Tunc

188 1634 311 1667 deinde
342 1635 538 1678 explanans,
570 1633 714 1678 qualiter
743 1643 962 1678 praeceptum
991 1634 1081 1666 istud
1111 1635 1252 1667 deberet
1275 1634 1325 1667 in-

285 1804 315 1846 ¹)
341 1802 403 1836 Ed.
429 1803 477 1835 M.
504 1803 528 1835 l.
555 1803 752 1844 „animam.“

283 1860 318 1903 ²)
345 1859 415 1892 Csr.
442 1871 493 1892 ev.
519 1859 641 1891 Jonnn.
668 1859 710 1898 ll,
735 1857 768 1892 6.
795 1871 886 1904 seqq.
914 1859 991 1891 coll.
1019 1859 1069 1891 ed.
1095 1857 1225 1903 Redep.
1250 1872 1323 1907 pag.

190 1915 266 1949 25³2.
291 1923 362 1948 not.
386 1914 442 1949 27.

284 1971 321 2014 ³)
346 1970 409 2003 Ed.
434 1971 483 2004 M.
512 1973 537 2004 Ι.
564 1985 669 2016 „quae
697 1971 854 2003 dicuntur
880 1991 911 1996 —-
945 1970 1094 2011 JudaeiS,
1121 1972 1234 2015 qu0d“
1262 1980 1325 2005 etc.

197 2047 236 2052 —
266 2026 336 2060 Cir.
362 2027 463 2059 Rom.
491 2027 531 2066 ll,
555 2026 607 2062 28.
634 2027 687 2062 29.

285 2081 319 2125 ⁴)
345 2083 401 2115 Sic
425 2083 507 2116 Mss.
534 2083 628 2115 Editi
661 2096 740 2116 vero
776 2084 825 2127 (v.
851 2097 877 2116 c.
903 2084 979 2116 edd.
1006 2085 1072 2127 Μ.)
1105 2084 1325 2125 „convenien-

196 2141 277 2170 tcr.“
304 2138 344 2172 R.

289 2193 322 2236 ⁵)
348 2192 418 2224 Cfr.
451 2194 502 2226 ed.
535 2195 665 2239 Redep.
698 2208 770 2240 pag.
795 2194 870 2230 343.
901 2204 970 2227 not.
998 2195 1048 2229 11.
1082 2194 1160 2228 coll.
1193 2194 1326 2228 Philon.

196 2249 238 2280 de
263 2248 346 2293 opik.
373 2250 490 2281 mundi
515 2263 586 2293 pag.
612 2250 643 2285 3.

266 2305 321 2357 .⁶›
347 2304 417 2337 Csr.
445 2307 456 2337 l
484 2305 562 2339 Cor.
587 2306 646 2346 IX,
670 2306 702 2341 9.
727 2307 807 2340 coll.
829 2308 939 2348 Deut„
958 2308 1067 2346 XXV,
1091 2306 1122 2339 4.
