1404 2463
202 94 268 130 3¹4
437 128 442 132 ,
677 94 851 126 Onmssms

204 185 304 217 etiam
341 198 402 228 per
429 183 563 225 angelos
594 183 645 214 vel
678 184 804 222 bonos,
836 183 886 215 vel
913 184 1018 215 malos
1043 184 1152 227 aliqua
1176 183 1324 215 humanis

204 246 361 279 cordibus
390 254 614 287 suggerantur,
630 245 658 288 Ι)
690 244 837 286 designat
863 245 914 276 vel
940 244 1084 277 Tobinm
1109 245 1244 286 angelus
1269 259 1325 277 co-

202 308 352 347 mitatus,
385 307 436 339 vel
462 307 645 351 prophetae
669 320 798 345 sermo,
830 306 986 339 dicentis:
1020 307 1128 350 „Et²)
1153 306 1326 351 respoudit

202 370 354 412 angelus,
388 369 444 414 qui
471 369 671 413 loquebatur
695 368 728 400 in
752 373 853 401 me:“
886 369 944 400 sed
969 378 1002 400 et
1025 368 1218 411 Pastori33)
1242 368 1327 400 liber

203 432 283 463 baec
315 431 431 463 eadem
464 431 626 469 declarat,
669 430 781 463 dicens
819 431 912 474 quod
944 430 1013 462 bini
1041 429 1148 472 angeli
1180 429 1328 471 singulos

203 506 353 538 quosque
377 492 549 524 hominum
576 492 794 524 comitentur:
828 502 859 524 et
890 492 917 524 si
942 493 1078 537 quando
1103 493 1211 524 bonae
1237 491 1326 533 cogi—

202 555 345 587 tationes
370 567 428 586 cor
452 563 601 586 nostrum
626 554 874 593 adscenderint,
899 567 915 586 a
940 555 1032 586 bono
1057 554 1175 596 angelo
1199 552 1328 595 suggeri

204 616 301 658 dicit;
325 616 351 648 si
377 629 456 648 vero
482 615 677 654 contrariae,
701 616 779 648 mali
803 616 909 657 angeli
935 615 1016 648 dicit
1041 628 1109 648 esse
1126 615 1328 647 instinctum.

203 679 332 711 Eadem
358 690 493 723 quoque
517 677 730 722 Barnabas²)
755 679 787 710 in
815 678 956 722 epistola
981 690 1038 710 sua
1063 677 1226 716 declarat,
1251 689 1328 708 cum

204 741 284 772 duas
310 740 376 772 vias
402 752 471 771 esse
496 739 587 777 dicit,
611 752 710 771 uuam
737 739 829 779 lucis,
854 740 991 772 alteram
1009 740 1234 777 tenebrarum,
1258 737 1329 782 qui-

203 803 266 835 bus
297 811 330 834 et
358 813 510 845 praeesse
542 812 650 832 certos
682 813 833 845 quosque
860 801 995 842 angelos
1027 800 1124 833 dicit:
1161 800 1232 832 viae
1257 799 1330 844 qui-

205 863 282 895 dem
306 863 390 894 lucis
414 861 549 902 angelos
573 862 659 900 Dei;
693 863 905 894 tenebrarum
930 871 1041 894 autem
1067 862 1157 900 viae,
1192 861 1329 903 angelos

205 926 356 958 Satanae.
396 923 536 968 Nihilf')
560 933 672 956 tamen
697 923 789 956 aliud
813 924 999 968 putandum
1025 933 1073 956 est
1095 923 1246 956 accidere
1269 936 1331 955 no-

206 987 255 1019 bis
285 1000 323 1020 ex
354 985 451 1030 ipsis,
488 998 571 1030 quae
605 985 697 1017 cordi
729 995 845 1018 nostro
875 994 1115 1027 suggeruntur,
1148 984 1246 1017 bonis
1277 985 1330 1017 vel

205 1048 320 1089 malis,
344 1047 405 1080 nisi
431 1047 695 1080 commotionem
720 1048 846 1087 solam,
877 1056 910 1079 et
933 1047 1183 1080 incitamentum
1207 1059 1334 1091 provo-

209 1123 283 1142 cans
315 1123 377 1142 nos
409 1108 511 1149 velfi)
538 1109 577 1141 ad
604 1109 712 1148 bona,
745 1110 798 1141 vel
823 1110 863 1141 ad
889 1109 986 1142 mala.
1032 1108 1197 1141 Possibile
1221 1117 1331 1140 autem

208 1171 306 1204 nobis
331 1181 389 1210 est,
415 1184 491 1203 cum
515 1171 657 1212 maligna
680 1171 783 1203 virtus
808 1184 869 1203 nos
893 1170 1042 1215 coeperit
1066 1170 1108 1203 ad
1132 1170 1258 1202 malum
1282 1169 1331 1201 in·

208 1233 330 1272 citare,
362 1232 506 1277 abjicere
538 1246 554 1265 a
586 1233 683 1265 nobis
706 1245 821 1277 pravas
851 1234 1097 1275 suggestiones,
1124 1240 1158 1264 et
1180 1231 1332 1264 resistere

207 1294 416 1328 suasionibus
439 1294 609 1339 pessimis,
640 1304 672 1326 et
697 1294 780 1327 nihil
811 1308 945 1339 prorsus
969 1293 1183 1339 culpabiliter
1207 1306 1332 1335 gerere.

208 1357 305 1401 (141)
331 1357 375 1388 Et
406 1370 534 1388 rursum
566 1356 728 1400 possibile
753 1365 819 1395 est,
851 1366 888 1388 ut
911 1370 986 1388 curn
1011 1369 1070 1388 nos
1094 1354 1204 1388 divina
1229 1354 1331 1387 virtus

208 1420 248 1451 ad
279 1418 419 1450 meliora
443 1417 689 1462 provocaverit,
714 1417 828 1460 non7)
853 1431 1047 1462 sequamur,
1081 1417 1178 1449 liberi
1201 1415 1331 1448 arbitrii

208 1489 372 1525 potestate
403 1479 435 1511 in
466 1489 604 1523 utraque
634 1479 731 1511 nobis
762 1488 899 1513 servata.
954 1479 1158 1511 Dicebamus
1187 1491 1264 1510 sane
1298 1476 1330 1509 in

208 1541 615 1590 superioribus‚⁵)‘quod
641 1539 739 1572 etiam
765 1541 946 1574 memoriae
970 1542 1066 1574 nobis
1091 1540 1253 1585 quaedam
1279 1539 1332 1572 vel

303 1720 334 1763 ¹)
360 1720 409 1752 lta
433 1719 512 1752 Mss.
537 1719 628 1753 Editi
660 1720 705 1763 (v.
732 1733 759 1753 c.
785 1721 860 1753 edd.
891 1720 954 1764 M.)
988 1730 1240 1763 „suggerantur,
1278 1721 1329 1753 vel

210 1766 267 1811 qui
292 1764 436 1797 Tobiam
461 1765 594 1807 angelus
620 1765 814 1805 comitatur,
839 1766 892 1797 vel
917 1780 975 1798 -z
1006 1768 1064 1798 sed
1090 1775 1123 1798 et
1146 1767 1187 1798 de
1211 1766 1329 1798 Paston

210 1812 300 1844 ribus
332 1811 436 1842 liber«
470 1819 532 1844 ete.
579 1810 699 1842 Utrum
731 1820 843 1842 autem
873 1811 1051 1855 unicuique
1083 1811 1211 1843 homini
1235 1824 1330 1853 ange-

212 1858 262 1888 los
293 1857 397 1894 duos,
430 1856 557 1887 bonum
582 1869 702 1893 unum,
734 1856 858 1888 malum
882 1857 1023 1889 alterurn
1048 1856 1147 1889 simul
1172 1856 1330 1889 adsistere

211 1902 372 1943 Origenes
410 1901 597 1945 putaverit,
634 1902 705 1933 fuse
737 1901 911 1934 disseritur
942 1902 1172 1944 Origenianor.
1206 1901 1264 1935 lib.
1290 1902 1330 1934 ll.

212 1956 335 1991 quaest.
361 1947 401 1980 V.
426 1959 517 1979 num.
543 1946 735 1990 praesertim
760 1946 812 1981 30.
838 1947 878 1980 R.

303 2004 338 2045 ²)
362 2002 502 2036 zachar.
528 2002 552 2040 l,
577 2002 626 2036 14.
698 2003 732 2046 ³)
757 2003 826 2037 Cfr.
850 2003 936 2036 Past.
962 2003 1076 2035 Herm.
1101 2002 1214 2035 Mand.
1230 2001 1330 2040 Vl‚2.

305 2059 345 2103 ⁴)
365 2058 432 2090 Cfr.
458 2071 509 2101 ep.
526 2058 667 2090 Barnab.
693 2071 765 2102 pag.
782 2059 835 2093 50.
863 2059 1010 2092 Cmeler.
1039 2059 1117 2092 coll.
1135 2058 1185 2092 ed.
1206 2058 1331 2102 Redep.

215 2116 284 2148 pag.
309 2102 384 2136 283.
410 2112 479 2136 not.
505 2102 537 2136 6.

308 2159 340 2199 ⁵)
364 2157 449 2189 Vide
474 2158 530 2191 lib.
549 2159 585 2191 ll.
601 2159 830 2201 Origenianor.
845 2169 968 2204 quaest.
983 2161 1054 2193 Vll.
1073 2173 1165 2194 num.
1183 2160 1216 2193 5.
1231 2168 1263 2190 et
1281 2158 1330 2192 16.

304 2215 338 2256 ⁶)
363 2214 466 2245 Deest
492 2215 586 2254 „vel“
613 2214 644 2246 in
671 2216 745 2248 edd.
772 2217 816 2249 M.
868 2215 900 2258 ⁷)
919 2216 1004 2250 Edd.
1022 2216 1068 2249 Μ.
1096 2215 1206 2260 „quod
1230 2218 1331 2247 non.“

309 2272 342 2313 ³)
368 2269 428 2301 Ed.
456 2269 501 2301 M.
528 2270 552 2301 l.
579 2271 680 2303 male:
708 2271 975 2312 ‚,inseriorihus.“
