1404 2463
7 74 23 127 ¹
370 113 415 135 DE
440 100 629 134 ancipus
654 100 765 133 Lmen
789 100 830 132 ΙΙ.
1098 99 1162 135 225

21 165 24 247 1
51 201 121 225 sent
143 191 223 225 boni
249 192 300 223 vel
322 191 450 224 mali:“
475 191 519 222 ita
535 190 563 234 ¹)
590 189 686 221 etiam
712 190 753 221 de
779 189 893 221 ceteris
920 190 1070 222 omnibus
1096 192 1160 223 diri

21 243 163 315 ἰΡο336;
205 253 310 286 »Cum
348 252 432 284 enim
470 251 640 284 nondum“
678 259 785 282 creata
824 259 944 290 essent,
985 252 1157 295 »nequc²)

21 321 25 414 ἰ
51 316 189 357 egissent
225 313 350 358 aliquid
380 312 459 345 boni
492 313 541 344 vel
566 311 660 351 mali,
694 321 730 343 ut
753 312 934 343 secundum
960 312 1158 345 electionem
1180 321 1182 323 '

21 361 261 420 ipropositum
285 375 349 407 Dei
380 383 546 414 maneat,‹t
581 373 666 406 sicut
696 382 814 417 putant
844 373 994 417 quidam,
1030 375 1160 417 sacta³)

49 446 125 470 sunt
154 437 209 469 illa
242 436 376 481 quidem
408 434 580 475 coelestia,
616 433 696 466 haec
727 443 837 466 autem
867 434 1050 475 terrestria,
1082 445 1113 468 et
1127 436 1159 480 4)

50 499 113 531 alia
135 497 281 538 inferna,
309 509 394 528 »non
408 496 440 541 5)
465 510 504 529 ex
527 496 695 540 operibus,
699 511 716 525 «
743 505 779 527 ut
801 505 919 540 putant
942 496 1009 536 illi,
1036 498 1113 539 „sed
1128 498 1160 541 ⁶)

52 572 90 591 ex
114 572 165 600 eo,
190 558 245 603 qui
270 557 408 590 vocavit.
447 557 536 600 Quid
563 570 639 599 ergo
660 557 835 596 dicemus‚«
862 557 888 588 si
906 557 1010 590 haec
1001 567 1046 591 lta
1064 559 1163 592 sunt?

53 620 159 662 »Ergo
174 620 206 663 7)
231 618 385 664 injustitia
417 627 464 651 est
484 619 584 663 apud
608 618 742 651 Deum?
776 618 904 652 Absit.“
953 619 1055 661 Igitur
1078 620 1161 653 sicut

51 681 92 713 de
114 681 199 713 Esau
232 689 264 712 et
286 680 393 712 Jacob
419 679 604 721 diligentius
629 681 840 724 perscrutatis
867 680 1079 725 Scripturis
1071 695 1161 714 inv-e

49 741 154 781 nitur,
185 740 260 785 quia
290 753 357 772 non
393 750 440 773 est
465 740 624 785 injustitia
649 741 737 786 apud
764 742 891 783 Deum,
925 751 962 774 ut
984 751 1160 787 antequam

48 811 278 842 nascerentur,
314 803 368 834 vel
404 812 536 844 agerent
567 802 691 847 aliquid
718 802 751 835 in
776 803 841 835 vita
865 803 940 845 hac,
977 804 1160 837 diceretur:

50 864 190 908 „quia⁸)
215 861 323 907 major
346 862 468 896 serviet
490 863 628 905 minori;
640 867 656 884 ‘¹
695 873 727 896 et
751 873 787 896 ut
810 863 976 897 invenitur
998 879 1066 898 non
1092 880 1160 899 esse

47 924 223 971 injustitia,
260 925 351 969 quod
382 934 414 957 et
443 924 476 957 in
510 934 622 957 ventre
655 925 789 958 fratrem
813 939 908 958 suum
935 927 1163 971 supplantavit

49 985 171 1025 Jacob,
207 985 234 1018 si
245 985 278 1030 9)
304 999 342 1018 ex
366 986 593 1030 praecedentis
625 986 783 1019 videlicet
806 987 890 1020 vitae
914 988 1041 1021 meritis
1065 989 1161 1031 digne

49 1059 124 1079 eum
161 1046 388 1092 dilectum10)
430 1060 497 1080 esse
536 1047 714 1080 sentiamus
749 1061 767 1080 a
797 1048 892 1089 Deo,
927 1049 971 1081 ita
1002 1059 1039 1082 ut
1070 1051 1161 1083 fratri

47 1107 211 1152 praeponi
234 1117 432 1142 mereretur:
455 1109 566 1154 ita¹¹)
592 1109 689 1142 etiam
715 1110 756 1141 de
781 1110 979 1144 coelestibus
996 1113 1163 1153 creaturis,

48 1169 74 1201 si
106 1170 331 1209 advertamus,
362 1169 506 1215 qui-2¹²)
541 1171 600 1204 ista
633 1171 872 1216 diversitas¹³)
897 1185 965 1205 non
993 1183 1160 1207 creaturae

49 1230 270 1275 principium,
306 1232 363 1264 sed
396 1245 432 1264 ex
457 1231 733 1276 praecedentibus
757 1232 861 1265 causis
885 1246 947 1278 pro
972 1234 1069 1278 (100)
1093 1249 1161 1268 me-

48 1291 104 1324 riti
134 1291 291 1334 dignitate
316 1292 479 1326 diversum
509 1294 644 1336 singulis
668 1307 687 1326 a
712 1295 884 1328 conditore
906 1295 1080 1329 ministerii
1105 1311 1162 1341 pa-

51 1362 143 1385 ratur
169 1352 337 1395 officium,
373 1368 409 1387 ex
435 1368 474 1387 eo
499 1356 673 1400 profecto,
697 1356 855 1400 quodu)
880 1357 1104 1402 unusquisque
1129 1359 1161 1392 in

145 1503 176 1546 ¹)
200 1503 439 1536 Desiderantur
468 1503 501 1536 in
531 1504 698 1548 prioribus
732 1506 937 1541 editionibus
961 1509 1008 1560 (v.
1034 1522 1061 1543 6.
1087 1510 1163 1543 edd.

50 1547 128 1591 M.)‚
152 1547 232 1580 licet
254 1549 462 1592 reperiantur
485 1549 518 1581 in
543 1551 697 1583 omnibus
722 1552 799 1584 Mss.
825 1553 940 1585 verba:
973 1553 1037 1594 „ita
1063 1556 1163 1587 etiam

51 1612 92 1617 —
117 1604 229 1635 posse:
260 1594 344 1626 Cum
370 1594 456 1626 enim
482 1614 522 1620 -
548 1605 673 1635 essent,
704 1609 811 1640 neque
837 1617 877 1622 -—-
903 1599 954 1630 vel
979 1599 1089 1633 malif‘
1122 1601 1163 1633 R.

52 1655 92 1661 —
121 1636 189 1670 Csr.
213 1638 311 1670 Rom.
336 1639 395 1680 IX,
423 1639 473 1673 11.
567 1640 600 1684 ²)
624 1641 723 1673 Rom.
750 1642 806 1681 lX,
832 1641 883 1677 11.

143 1691 176 1735 3)
202 1692 248 1724 lta
278 1703 366 1726 recte
391 1695 469 1727 Mss.
501 1694 593 1728 Libri
623 1705 733 1728 autem
765 1696 846 1730 editi
876 1698 922 1742 (v.
946 1711 972 1732 6.
998 1699 1073 1732 edd.
1099 1700 1165 1744 M.)

55 1745 186 1777 „sancta
209 1746 284 1770 sunt
306 1738 383 1771 11111ιι
410 1749 474 1774 etc.
500 1740 540 1773 R.

145 1791 178 1835 ⁴¹)
203 1793 251 1824 lta
281 1804 369 1827 recte
394 1796 472 1829 Mss.
494 1795 587 1828 Libri
618 1805 729 1828 autem
754 1796 850 1829 editi:
884 1807 936 1830 »et
958 1798 1165 1833 infernaliaf‘

52 1835 93 1869 R.
116 1856 160 1862 —
164 1791 268 1869 ).Edd
295 1838 343 1872 Μ.
370 1849 422 1872 »et
444 1840 573 1874 inferna
595 1841 668 1874 alia.
674 1845 691 1862 “
788 1844 820 1885 5)
847 1843 945 1875 Rom.
970 1845 1030 1884 IX,
1056 1845 1106 1879 11

144 1893 176 1935 ⁶)
203 1894 301 1926 Rom.
326 1895 385 1935 IX,
410 1895 461 1930 11.
486 1895 538 1930 14.
652 1897 686 1941 ⁷)
710 1897 809 1930 Rom.
834 1898 894 1938 lX,
918 1900 968 1934 14.

22 1907 25 1980 1
143 1948 178 1991 ⁸)
206 1948 326 1982 Genes.
350 1951 456 1992 XXV,
479 1951 532 1987 23.

141 2002 174 2046 ⁹)
198 2003 246 2036 Ita
271 2004 349 2039 Mss.
374 2005 464 2038 Alias
490 2007 534 2051 (v.
560 2020 587 2040 c.
611 2007 647 2040 in
672 2009 745 2041 edd.
772 2008 838 2051 Μ.)
864 2010 941 2052 „sed
966 2023 1023 2042 ex«
1051 2021 1112 2045 etc.
1126 2014 1166 2045 R

122 2059 176 2102 ¹⁰)
199 2059 285 2093 Edd.
311 2061 359 2093 M.
388 2062 563 2096 »electum
567 2066 584 2083 “

124 2114 177 2158 ¹¹)
204 2115 266 2149 Ed.
292 2116 340 2149 M.
366 2117 389 2149 Ι
417 2126 470 2158 „et
494 2117 540 2150 ita
565 2119 685 2152 61111111(ι
713 2129 775 2153 etc.

124 2169 176 2214 ¹²)
200 2171 262 2204 Ed.
288 2172 335 2205 M.
361 2172 402 2206 II.
430 2175 552 2218 „quod
558 2187 575 2203 «
647 2175 700 2220 ¹3)
725 2176 788 2209 Ed.
813 2177 860 2210 M.
885 2178 910 2212 Ῑ.
937 2178 1142 2220 „adversitas
1148 2197 1165 2210 u

124 2226 174 2270 ¹⁴)
202 2228 249 2259 Ita
273 2227 354 2260 Mss.
379 2229 470 2262 Alias
508 2230 555 2275 (v.
586 2244 615 2263 c.
639 2231 673 2263 in
699 2232 751 2266 ed.
776 2231 824 2266 M.
850 2235 909 2280 ll.)
942 2236 1052 2280 »quod
1083 2249 1167 2268 unus

54 2270 191 2315 quisque
218 2273 269 2304 vel
293 2285 386 2305 mens
410 2287 428 2307 a
451 2275 527 2307 Deo
553 2285 681 2309 creatus
706 2286 764 2320 est,
788 2279 861 2311 vel«
887 2289 949 2313 etc.
976 2281 1014 2313 P.
1041 2301 1080 2305 —
1104 2281 1166 2314 Ed.

22 2346 26 2463 ¹
86 2332 273 2369 Onmssms
300 2333 428 2369 OPERA
454 2336 548 2370 ΤοΜ.
570 2338 666 2371 XXI.
931 2341 972 2376 15
