1404 2463
442 140 487 163 DE
512 130 710 164 ancn’ns
736 130 810 164 Lm.
838 132 894 164 IV.
1176 133 1242 168 507

112 216 282 264 τυγχάνει
312 220 424 263 θεοῦ,
463 220 525 253 καὶ
556 222 650 258 τίνες
679 221 717 253 αἱ
750 222 860 255 αἰτίαι
890 222 953 255 τοῦ
978 223 1084 267 μέχρι
1110 221 1243 268 σαρκὸς

109 278 344 326 ἀνθρωπίνης
359 281 390 324 ¹)
416 279 529 316 αὐτὸν
552 285 845 326 καταβεβηκέναι,
869 284 931 317 καὶ
955 281 1074 326 πάντη
1092 280 1243 329 ἅνθρω-

107 353 182 376 πον
206 340 459 387 ἀνειληφέναι·
499 345 550 382 τίς
573 354 610 377 τε
634 344 694 376 καὶ
722 342 741 386 ἡ
767 341 895 378 τούτου
909 343 942 387 ²)
969 344 1148 389 ἐνέργεια,
1182 348 1242 379 καὶ

108 403 158 442 εἰς
180 404 280 442 τίνας
303 405 364 437 καὶ
388 401 476 438 πότε
499 406 686 448 γινομένη.
731 403 998 450 Ἀναγκαίως3)
1025 406 1065 440 δὲ
1089 404 1136 444 ὠς
1159 409 1244 450 περὶ

108 466 300 509 συγγενῶν
328 466 390 498 καὶ
427 466 501 499 τῶν
531 462 653 500 ἷέλλων
690 467 848 510 λογικῶν
886 468 1082 512 θειοτέρων
1113 480 1149 502 τε
1181 471 1244 502 καὶ

109 524 396 562 ἐκπεπτωκότων
419 527 480 569 τῆς
503 525 778 571 μακαριότητος,
804 529 864 561 καὶ
878 528 911 572 ⁴²)
937 529 1009 562 τῶν
1033 531 1160 564 αἰτίων
1184 531 1245 573 τῆς

107 585 247 622 τούτων
279 586 507 640 ἐκπτώσεως,
546 587 656 632 ἐχρῆν
687 591 734 626 εἰς
760 588 842 637 τοὺς
865 587 996 634 λόγους
1019 589 1244 637 ἀνειλῆφθαι

109 649 171 691 τῆς
194 651 297 688 θείας
320 650 569 692 διδασκαλίας,
594 650 657 682 καὶ
681 651 764 694 περὶ
788 651 847 693 τῆς
872 651 1054 695 διαφορᾶς
1077 654 1150 686 τῶν
1167 660 1244 697 ψυ-

103 711 196 754 χῶν,
223 712 285 744 καὶ
309 709 427 746 πόθεν
451 712 490 744 αἱ
513 710 692 755 διαφοραὶ
718 704 824 745 αὗται
849 709 1056 755 ἐληλύθασι,
1088 716 1140 752 τίς
1162 726 1199 748 τε
1225 712 1244 749 ὁ

108 768 258 816 κόσμος,
283 773 346 805 καὶ
369 769 431 805 διὰ
457 774 494 805 τί
514 769 660 814 ὑπέστη.
690 770 770 806 ’Έτι
795 773 836 806 δὲ
861 771 981 807 πόθεν
1004 771 1024 816 ἡ
1050 777 1158 807 κακία
1182 787 1246 809 το-

111 831 225 877 σαύτη
257 835 319 867 καὶ
350 830 543 876 τηλικαύτη
575 832 674 866 ἐστὶν
706 833 767 867 ἐπὶ
791 835 878 878 γῆς,
911 835 973 867 καὶ
996 833 1100 878 εἰμὴ
1126 833 1246 879 μόνον

110 893 172 928 ἐπὶ
201 895 286 939 γῆς,
319 891 410 928 ἄλλα
445 895 508 928 καὶ
531 892 713 938 ἀλλαχοῦ,
745 893 954 939 ἀναγκαῖον
976 892 1075 939 ἡμᾶς
1097 900 1244 938 μαθεῖν.

204 952 354 990 Τούτων
378 953 421 997 δὴ
450 957 512 989 καὶ
537 956 609 988 τῶν
633 956 901 999 παραπλησίων
917 958 1170 999 προκειμένων
1194 958 1244 1002 τῷ

111 1018 303 1062 φωτίζοντι
329 1015 512 1063 πνεύματι
536 1016 597 1054 τὰς
621 1017 694 1050 τῶν
718 1015 836 1061 ἁγίων
860 1014 1049 1063 ὑπηρετῶν
1070 1018 1131 1060 τῆς
1155 1016 1245 1061 ἀλη-

110 1081 213 1117 θείας
238 1077 377 1123 ψυχάς·
413 1076 578 1121 δεύτερος
602 1071 648 1121 ἦν
672 1076 826 1121 σκοπὸς,
859 1076 921 1111 διὰ
946 1077 1029 1117 τοὺς
1051 1077 1101 1123 μή
1129 1080 1246 1114 δυνα-

109 1142 245 1184 μένους
273 1138 339 1174 τὸν
369 1138 536 1185 κάματον
568 1139 731 1184 ἐνεγκεῖν
763 1139 855 1184 ὑπὲρ
889 1140 952 1173 τοῦ
984 1136 1026 1173 τὰ
1051 1141 1246 1182 τηλικαῦτα

112 1199 253 1246 εὑρεῖν,
289 1200 330 1236 τὸ
362 1200 501 1246 κρύψαι
531 1198 597 1234 τὸν
627 1202 711 1245 περὶ
742 1201 815 1234 τῶν
847 1199 946 1244 (173)
972 1203 1247 1246 προειρημένων

111 1260 272 1308 λόγονθ)
298 1263 338 1298 ἒν
361 1264 499 1302 λέξεσιν
523 1261 791 1307 ἓμφαινούσαις
815 1259 984 1306 διήγησιν
1004 1263 1248 1306 περιέχουσαν

112 1323 346 1370 ἀπαγγελίαν
376 1323 441 1368 τήν
472 1326 556 1369 περὶ
587 1325 659 1358 τῶν
689 1325 874 1366 αἰσθητῶν
899 1320 1245 1369 ὅημιουργημιὶτων,

112 1388 175 1420 καὶ
200 1384 402 1433 ἀνθρώπου
427 1389 594 1427 κτίσεως,
628 1386 690 1418 καὶ
715 1387 788 1420 τῶν
817 1384 858 1419 ἐκ
881 1385 954 1418 τῶν
976 1380 1132 1428 πρώτων
1155 1382 1248 1418 κατὰ

113 1446 293 1493 διαδοχὴν
315 1451 421 1496 μέχρι
447 1449 596 1483 πολλῶν
619 1448 893 1492 γεγενημένων·
919 1446 979 1480 καὶ
1000 1442 1123 1484 ι’ίλλαις
1145 1446 1248 1480 ἱστο-

114 1513 218 1556 ρίαις,
245 1507 563 1554 ἄπαγγελλούσαις
585 1508 740 1543 δικαίων
763 1505 922 1553 πράξεις,
948 1508 1010 1541 καὶ
1032 1508 1106 1541 τῶν
1129 1505 1250 1542 αὐτῶν

115 1569 253 1606 τούτων
277 1571 365 1605 ποτὲ
390 1569 572 1615 γενόμενα
598 1568 839 1614 ἁμαρτήματα
864 1567 911 1608 ώς
935 1565 1160 1614 ἀνθρώπων,
1187 1569 1249 1603 καὶ

113 1630 287 1677 ἀνόμων,
325 1633 386 1665 καὶ
428 1631 570 1675 ἀσεβῶν
599 1634 794 1674 πονηρίας,
836 1631 897 1663 καὶ
930 1629 1144 1673 ἀκολασίας,
1189 1631 1250 1664 καὶ

114 1695 336 1733 πλεονεξίας.
384 1689 672 1737 Παραδοξότατα
706 1691 767 1731 δὲ,
803 1689 864 1724 διὰ
900 1692 1060 1738 ἱστορίας
1082 1693 1144 1733 τῆς
1167 1692 1250 1737 περὶ

115 1757 308 1799 πολέμων,
334 1756 395 1788 καὶ
420 1751 660 1796 νενικηκότων
685 1754 746 1786 καὶ
772 1754 1038 1796 νενικημένων,
1072 1751 1150 1786 τινὰ
1177 1754 1251 1786 τῶν

118 1814 334 1864 ιἰποῤῥήτων
369 1820 442 1855 τοῖς
472 1817 586 1851 ταῦτα
615 1816 821 1858 βασανίζειν
846 1814 1066 1862 δυναμένοις
1089 1817 1250 1860 σαφηνί-

213 2004 245 2048 ¹)
270 2005 405 2038 Primus
429 2005 514 2039 Cod.
540 2006 621 2047 Reg.
649 2004 904 2049 ἀνθρωπίνως.
931 2003 972 2035 R.

211 2062 247 2106 ²)
272 2060 331 2096 Sic
366 2060 495 2105 primus
527 2061 613 2095 Cod.
646 2059 781 2102 Regius.
813 2059 927 2092 Tarin.
953 2057 1086 2103 (itemq.
1112 2058 1253 2102 Spcnc.)

120 2114 270 2152 τούτων.
296 2117 338 2149 R.

209 2178 243 2223 ³)
267 2177 518 2212 Primus-Cod.
543 2177 623 2220 Reg.
644 2177 863 2222 Ἀναγκαῖον
887 2177 930 2212 δέ
951 2177 1023 2211 κτλ.
1048 2175 1087 2209 R.

214 2233 248 2278 ⁴)
271 2233 406 2266 Primus
431 2233 518 2267 Cod.
544 2234 626 2275 Reg.
652 2235 714 2267 καὶ
741 2232 806 2275 τὴν
833 2236 952 2268 αἰτίαν
976 2234 1038 2275 τῆς
1061 2232 1134 2266 κτλ.
1162 2231 1201 2264 R.

214 2289 250 2333 ⁵)
273 2289 361 2322 Edd.
387 2288 502 2322 Tarini
527 2297 561 2322 et
584 2288 765 2333 Spenceri:
791 2286 925 2335 λόγων.
