1404 2463
443 102 488 125 m:
514 91 705 125 ancmns
732 93 840 127 Lmen
866 95 909 128 11.
1108 82 1112 85 ¹
1171 95 1237 130 239

116 182 228 215 Esaias
256 182 372 220 docet,
404 181 460 226 qui
491 182 531 214 de
556 182 656 214 Israel
682 182 816 226 quidem
840 183 887 216 sie
912 183 1006 216 dicit:
1043 185 1234 229 »Abluet¹)

115 243 282 276 Dominus
306 243 420 275 sordes
444 242 601 283 filiorum,
626 243 678 274 vel
703 243 845 276 filiarum
871 245 965 285 Sion,
990 254 1021 277 et
1044 247 1233 288 sanguinem

115 304 310 350 expurgabit
350 318 367 337 e
406 304 517 337 medio
556 304 706 348 ipsorum
741 306 860 350 spiritu
895 306 1010 350 judicii
1046 317 1078 339 et
1115 308 1233 352 spiritu

115 367 288 400 ustionis.“
335 367 388 398 De
413 365 588 398 Chaldaeis
619 376 730 398 autem
761 367 807 399 sic
832 367 928 400 dicit:
963 369 1093 408 „Habes
1107 369 1140 413 ²)
1167 383 1235 402 car-

113 430 218 461 bones
242 428 342 470 ignis,
373 428 451 460 sede
474 440 573 471 super
598 440 672 460 eos:
704 428 737 460 hi
762 438 858 461 erunt
887 429 948 462 tibi
971 430 1007 462 in
1030 429 1230 475 adjutorio.“

113 483 157 523 Et
186 490 220 522 in
251 489 323 522 aliis
354 489 450 522 dicit:
490 488 781 534 „sanctificabit³)
813 490 980 524 Dominus
1012 491 1047 524 in
1081 493 1154 533 igne
1184 505 1234 524 ar-

114 551 236 585 denti.“
284 552 328 583 Et
358 551 391 583 in
416 550 578 583 Malachia
610 551 774 594 propheta
806 552 903 585 dicit:
942 553 1090 593 „Sedens
1104 553 1135 598 ⁴)
1160 555 1233 585 Do-

112 613 267 655 minus5)
291 612 473 652 conflabitr
498 620 532 644 et
555 612 724 656 purgabit,
762 622 794 645 et
824 614 942 646 fundet
965 624 1123 658 purgatos
1146 616 1233 648 filios

114 676 233 708 Juda.“

202 735 232 769 7.
279 735 347 768 Sed
372 744 405 767 et
427 734 529 775 illud,
557 735 647 778 quod
672 735 713 767 de
739 735 1020 780 dispensatoribus
1043 751 1110 770 non
1134 739 1233 771 bonis

110 799 145 831 in
167 797 349 840 Evangelio
363 798 396 841 ⁶)
421 796 547 829 dictum
573 805 631 836 est,
656 797 713 841 qui
730 797 900 830 dividendi
919 798 1084 839 dicuntur,
1109 809 1140 832 et
1159 813 1232 844 pars

111 872 230 892 eorum
261 858 385 901 cum7)
409 857 600 890 infidelibus
634 858 736 901 poni,
771 867 927 904 tanquam
959 873 996 892 ea
1019 873 1111 904 pars,
1147 875 1230 906 quac

108 922 259 965 ipsorum
282 919 420 964 propria
443 932 511 951 non
536 918 594 961 sit,
620 920 778 952 aliorsum
803 920 845 954 sit
867 922 1046 963 mittenda,
1076 922 1145 955 sine
1171 925 1232 956 du-

108 983 166 1015 bio
198 995 298 1025 genus
328 982 467 1026 aliquod
497 981 622 1013 indicat
660 994 789 1025 poenae
822 995 958 1022 eorum,
994 997 1156 1027 quorum,
1193 995 1231 1018 ut

109 1044 193 1077 mihi
217 1044 359 1083 videtur,
383 1043 582 1087 separandus
607 1043 647 1074 ab
671 1043 780 1076 anima
804 1044 937 1088 spiritus
954 1044 1128 1079 indicatur.
1162 1046 1231 1089 Qui

109 1106 243 1151 spiritus
267 1106 293 1138 si
319 1105 455 1150 quidem
480 1103 610 1136 divinae
634 1114 787 1145 naturae„
801 1105 836 1138 id
862 1115 910 1139 est
933 1106 1076 1151 Spiritus
1100 1117 1230 1140 sanctus

111 1167 347 1209 intelligendus
372 1177 437 1206 est,
462 1165 640 1198 sentiemus
665 1165 882 1207 hoerdictum
907 1168 947 1200 de
973 1169 1063 1200 dono
1089 1169 1231 1213 Spiritus

108 1230 230 1262 sancti:
254 1230 364 1274 quod,
388 1229 455 1261 sive
480 1240 541 1272 per
563 1226 786 1271 baptismum,
817 1227 885 1260 sive
907 1241 969 1272 per
990 1230 1128 1270 gratiam
1154 1231 1231 1275 Spi-

111 1292 202 1331 ritus,
227 1304 302 1323 cum
327 1290 427 1322 alicui
450 1302 560 1322 sermo
584 1288 775 1332 sapientiae,
801 1289 902 1334 velss)
925 1303 1036 1322 sermo
1061 1291 1231 1332 scientiae,

111 1353 164 1384 vel
195 1352 329 1385 alterius
354 1351 511 1396 cujusque
537 1351 631 1383 datus
656 1358 704 1382 est
728 1350 828 1391 doni,
865 1360 897 1384 et
920 1364 989 1384 non
1013 1361 1103 1384 recte
1128 1352 1233 1385 admi-

110 1414 286 1453 nistratus,
311 1414 345 1445 id
369 1422 419 1445 est
443 1422 498 1445 aut
522 1414 562 1445 ad
586 1421 708 1444 terram
733 1412 883 1445 defossus
909 1422 974 1453 est,
997 1422 1054 1445 aut
1077 1413 1110 1446 in
1134 1415 1231 1447 suda-

204 1566 235 1609 ¹)
262 1565 394 1599 Omissa
426 1575 502 1598 sunt
531 1565 566 1597 in
596 1563 764 1610 prioribus
798 1564 1000 1596 editionibus
1033 1565 1082 1608 (v.
1103 1578 1129 1598 c.
1156 1567 1230 1598 edd.

108 1610 157 1642 M.
161 1610 186 1653 ),
210 1610 320 1642 licet
312 1623 345 1642 ln
371 1610 525 1642 omnibus
550 1611 732 1643 habeantur
748 1609 827 1641 Mss.
852 1610 967 1642 verba:
995 1610 1141 1649 „Abluet
1158 1611 1231 1643 Do—

110 1655 216 1687 miuus
242 1675 283 1680 —
308 1655 409 1696 Sion,
443 1665 474 1688 et
497 1656 689 1697 sanguinem
716 1673 755 1679 —
780 1653 930 1686 ustionis.
977 1654 1030 1687 De
1056 1655 1230 1688 Chaldaeis

111 1708 219 1732 autem
243 1700 289 1732 sic
313 1700 403 1733 dicit.
409 1705 425 1721 “
452 1701 492 1734 R.
518 1721 558 1726 —
582 1699 682 1733 Jesai.
707 1699 764 1740 lv,
789 1700 820 1732 4.

202 1752 237 1798 ²)
263 1755 363 1788 Jesai.
387 1756 522 1796 XLVII,
548 1757 599 1790 14.
626 1757 676 1790 15-

201 1810 234 1853 ³)
257 1809 356 1843 Jesai.
380 1811 422 1850 X,
447 1812 498 1845 17.
523 1811 603 1845 coll.
626 1810 745 1849 LXVI,
770 1810 820 1846 16.

203 1867 237 1909 ⁴)
264 1865 638 1906 Cfr.w1alach.111‚3.

203 1921 235 1964 ⁵)
260 1921 397 1953 Deest
387 1935 420 1954 m
443 1932 538 1954 antea
563 1922 659 1955 editis
684 1923 730 1966 (v
757 1934 783 1955 c.
809 1921 884 1955 edd.
910 1921 988 1966 M),
1024 1923 1083 1955 sed
1105 1923 1230 1968 reperi-

110 1974 163 1997 tul
196 1978 230 1997 m
254 1966 332 1998 Mss.
361 1966 556 2000 »Dominus.
561 1971 577 1988 ‘⁴
604 1969 643 2001 R.

158 2021 236 2064 ὃ)
263 2020 332 2054 Cfr.
356 2021 433 2055 Luc.
457 2024 535 2063 XH,
560 2024 612 2058 46.

206 2077 237 2119 7)
265 2076 310 2108 lta
338 2077 415 2110 Mss.
443 2079 530 2111 Alias
555 2081 600 2123 (v.
627 2093 655 2112 c.
678 2079 711 2111 in
731 2078 805 2111 edd.
824 2078 890 2121 Μ.)
917 2091 1013 2118 „cum
1038 2077 1228 2111 infidelibus

110 2129 216 2152 terrae
247 2120 344 2164 poni,
381 2132 535 2167 tanquam
569 2137 606 2156 ea
637 2137 720 2168 quae
751 2123 900 2167 ipsorum
924 2124 1062 2168 proplia
1085 2137 1153 2156 non
1177 2125 1228 2163 sit,

114 2178 188 2198 cum
212 2166 354 2198 aliorum
377 2170 524 2211 partibus
547 2169 590 2202 sit
612 2169 783 2202 mittenda.
788 2172 804 2189 “
832 2169 859 2200 R

203 2222 237 2264 ⁸)
261 2221 316 2254 Sic
343 2223 421 2256 Mss.
448 2225 537 2257 Alias
562 2225 607 2270 (v.
635 2239 661 2257 c.
679 2225 711 2256 in
730 2224 804 2256 edd.
820 2224 884 2267 M.)
913 2232 965 2255 ›ct
988 2237 1096 2257 sermo
1122 2224 1225 2256 scien

109 2273 180 2306 tae,
205 2267 256 2299 vel
280 2267 418 2313 alicujus
442 2269 577 2304 alterius
601 2271 693 2303 datus
718 2274 784 2302 est·‘
812 2279 872 2302 etc.
902 2270 937 2301 li.
