1404 2463
379 106 425 128 DE
452 96 645 128 ancmus
672 93 785 125 Lunna
813 92 853 125 ΙΙ.
1130 90 1191 125 181

59 191 148 227 tur,“
168 188 198 229 ¹)
224 186 348 230 inquit,
375 185 544 225 „Sodoma
571 183 601 214 in
626 182 833 225 antiquuin.“
885 180 974 223 Quid
1002 189 1114 211 autem
1141 181 1188 211 af-

58 249 173 291 ssigens
199 261 274 287 eos,
299 247 355 291 qui
380 258 490 290 poena
515 243 605 285 digni
629 252 721 281 sunt,
747 257 813 274 non
840 255 900 286 pro
926 243 1017 273 bono
1043 241 1185 282 affligit?

59 310 130 354 Qui
154 309 253 342 etiam
277 309 318 340 ad
344 307 544 340 Chaldaeam
569 304 668 337 dicit:
695 304 828 345 „Habes
846 305 878 344 ²)
905 304 1066 335 carbones
1092 302 1184 343 ignis,

60 373 138 405 sede
170 383 271 415 super
302 382 376 402 eos:
416 367 481 412 ipsi
512 375 609 399 erunt
639 365 701 398 tibi
732 365 933 409 adjutoria«
982 365 1049 397 Sed
1083 373 1115 395 et
1146 365 1187 396 de

60 433 120 472 his,
145 432 202 477 qui
225 432 256 464 in
282 432 414 463 deserto
440 429 650 467 ceciderunt,
675 427 819 465 audiant,
845 426 926 470 quid
953 425 984 458 iu
1009 426 1182 458 LXXVII.

64 494 215 532 Psalmo,
249 491 304 536 qui
329 490 439 534 Asapb
471 489 748 534 superscribitur,
778 488 951 522 referatur.
999 486 1057 519 Ait
1081 487 1188 519 enim:

66 555 170 588 »Cum
182 554 214 598 ³)
240 552 410 585 occideret
434 564 508 590 eos,
532 560 610 582 tunc
636 549 854 594 exquirebant
878 562 984 581 eum.«
1034 550 1111 581 Non
1137 548 1186 580 di-

66 616 120 656 cit,
145 614 222 660 quia
235 614 268 658 ⁴²)
292 613 363 646 aliis
387 611 570 650 interfectis
594 611 651 643 atii
676 610 891 655 requirebant
916 624 1011 650 euin,
1049 611 1107 642 sed
1132 610 1187 651 ait,

65 677 185 721 quia⁵)
210 688 346 714 eorum,
378 673 435 719 qui
460 673 717 712 occidebantur,
748 672 821 704 talis
853 681 922 704 erat
946 671 1114 710 interitus,
1152 680 1188 702 ut

62 736 254 770 mortificati
283 737 492 780 requirerent
515 735 636 768 Deum.
685 734 734 767 Ex
768 733 891 778 quibus«
918 733 1073 765 omnibus
1105 745 1185 764 con-

64 808 143 838 stat,
180 811 284 830 unum
317 798 528 841 eundemque
562 809 631 829 esse
664 798 786 841 justum
820 805 850 827 et
884 796 1012 827 bonum
1043 793 1123 835 legis
1155 802 1187 825 et

65 860 311 902 evangeliorum
328 860 452 899 Deum,
477 868 509 891 et
532 859 730 892 benefacere
756 871 830 890 cum
850 856 984 902 justitia,
1009 865 1042 888 et
1059 869 1134 887 cum
1148 856 1182 897 6)

63 922 213 954 bonitate
244 921 381 965 punire:
418 920 475 964 qui
506 933 567 952 nec
592 921 723 953 bouum,
745 919 815 951 sine
840 918 945 963 justo,
976 931 1036 949 nec
1061 917 1185 962 justum

63 983 132 1016 sine
157 984 248 1015 bono
274 982 465 1024 dignitatem
492 981 620 1014 divinae
646 990 758 1025 potest
782 980 928 1012 indicare
953 989 1103 1013 naturae.

154 1046 324 1077 Addemus
355 1044 462 1076 adhuc
494 1043 593 1075 etiam
625 1043 688 1074 hoc
721 1041 871 1074 versutiis
895 1055 1012 1074 eorum
1038 1042 1186 1085 compel-

67 1106 209 1139 lentibus
233 1119 302 1138 nos.
351 1105 385 1138 Si
411 1105 503 1136 aliud
527 1105 620 1148 est7)
645 1102 768 1147 justum
795 1117 896 1147 quam
917 1104 1054 1142 bonum,
1079 1116 1186 1147 quou-

69 1169 132 1200 iani
157 1169 248 1200 bono
274 1168 398 1200 malum
424 1166 625 1198 contrarium
653 1174 718 1204 est,
743 1175 774 1210 et
799 1165 885 1210 justo
912 1165 1086 1209 injustum,
1118 1164 1187 1197 sine

65 1229 168 1262 dubio
195 1239 228 1261 et
252 1229 409 1274 injustum
434 1228 524 1260 aliud
551 1228 613 1260 erit
636 1240 733 1271 quam
759 1227 902 1259 malum:
928 1237 959 1259 et
981 1227 1066 1259 sicut
1084 1226 1187 1272 justus

65 1291 154 1336 apud
180 1291 281 1334 vos⁸)
307 1303 374 1322 nou
399 1299 448 1322 est
471 1290 588 1328 bonus,
613 1289 658 1320 ita
682 1302 790 1333 neque
815 1288 955 1334 injustus
978 1288 1041 1320 erit
1064 1287 1186 1320 malus:

65 1362 98 1384 et
121 1366 273 1393 rursum,
304 1351 389 1384 sieut
411 1352 519 1383 bonus
543 1362 610 1382 non
637 1359 684 1382 est
707 1349 827 1395 justus,
859 1350 903 1383 ita
934 1359 966 1382 et
991 1349 1096 1381 malus
1119 1362 1187 1381 non

67 1413 130 1446 erit
161 1413 310 1458 injustus.
358 1411 422 1446 Cui
435 1413 467 1456 9)
499 1421 610 1444 autem
650 1424 717 1443 non
752 1412 884 1443 videtur
914 1412 1111 1452 absurdum,
1153 1420 1187 1442 ut

66 1477 142 1508 Deo
168 1474 301 1519 quidem
326 1475 418 1506 bono
444 1473 627 1506 contrarius
650 1472 692 1505 sit
716 1473 839 1513 malus,
862 1473 939 1505 Deo
963 1482 1073 1505 autem
1090 1472 1188 1517 justo.

67 1550 166 1581 quem
197 1536 392 1568 inferiorem
425 1537 517 1581 bono
551 1535 750 1578 dicunt‚¹⁰)
783 1534 968 1569 contrarius
999 1548 1099 1567 nemo
1123 1535 1187 1567 sit?

67 1600 142 1630 Non
173 1597 261 1629 enim
293 1597 379 1629 sicut
402 1598 537 1631 Satanas
569 1606 635 1636 est,
671 1596 726 1641 qui
757 1597 863 1629 malus
895 1595 1034 1635 dicitur,
1070 1595 1115 1628 ita
1138 1606 1187 1628 est

68 1659 151 1691 alius
175 1658 304 1703 aliquis,
329 1659 385 1703 qui
409 1659 537 1692 dicatur
562 1657 710 1703 injustus.
747 1657 839 1700 Quid
857 1671 934 1700 ergo
953 1658 1023 1690 est?
1050 1657 1182 1690 Reseiu*

167 1785 196 1825 Ι)
224 1782 291 1815 Cfr.
316 1781 436 1814 Ezech.
460 1781 552 1820 XVI,
576 1781 631 1815 55.
657 1781 735 1813 coll.
761 1781 813 1814 53.

164 1839 197 1880 ²)
221 1837 319 1870 Jesai.
342 1837 479 1876 XLVlI,
505 1836 555 1871 14.
581 1836 631 1870 15.
796 1847 798 1849 ’

160 1895 194 1936 ³)
221 1893 339 1925 Psalm.
365 1892 550 1931 LXXVIII,
573 1891 626 1926 34.
652 1892 860 1936 (LXXVII.)

162 1950 194 1992 4)
221 1949 281 1980 Ε(Ι.
306 1949 354 1982 Μ.
383 1949 424 1980 II.
454 1947 595 1991 »quod«
707 1949 740 1991 ⁵)
766 1948 827 1980 Ed.
853 1949 899 1981 M.
927 1950 969 1981 II.
997 1950 1138 1993 »quodm

162 2007 195 2048 ⁶)
221 2005 325 2037 Deest
352 2016 464 2035 »cum«
493 2003 525 2034 in
551 2003 625 2036 edd.
654 2004 699 2035 M.

164 2063 194 2104 7)
220 2061 436 2093 Desideratur
462 2069 548 2090 »estu
576 2059 607 2091 in
633 2060 709 2092 edd.
736 2058 784 2093 Μ.

162 2120 194 2161 ·“’)
222 2116 277 2150 Sic
302 2117 383 2148 Mss.
410 2114 499 2147 Libri
525 2115 604 2146 editi
630 2116 675 2159 (v.
702 2129 730 2148 c.
757 2116 832 2150 edd.
858 2117 920 2160 M.)
949 2131 1058 2150 »nos.«
1089 2119 1125 2150 R.

161 2174 195 2217 9)
220 2173 276 2205 Sic
300 2173 378 2205 Mss.
413 2171 503 2203 Libri
540 2170 621 2202 editi
651 2172 696 2215 (v.
724 2185 750 2205 c.
777 2172 851 2204 edd.
878 2173 940 2218 M.)
979 2173 1184 2216 »Quomodo

72 2228 180 2252 autem
206 2231 272 2250 non
298 2218 360 2249 erit
384 2211 593 2249 absurdunt«
620 2217 659 2250 R.

144 2275 197 2319 ¹⁰)
222 2273 278 2308 Sic
305 2275 381 2307 Mss,
407 2272 498 2305 Libri
525 2272 604 2305 editi
630 2274 677 2317 (v.
704 2286 729 2307 e.
754 2273 828 2306 edd.
848 2274 916 2318 M.)
941 2274 1132 2308 »dicimus.“
1152 2275 1188 2306 ss.
