<?xml version="1.0" encoding="UTF-8"?>
<!DOCTYPE html PUBLIC "-//W3C//DTD XHTML 1.0 Transitional//EN"
    "http://www.w3.org/TR/xhtml1/DTD/xhtml1-transitional.dtd">
<html xmlns="http://www.w3.org/1999/xhtml" xml:lang="en" lang="en">
 <head>
  <title>
</title>
<meta http-equiv="Content-Type" content="text/html;charset=utf-8" />
  <meta name='ocr-system' content='tesseract 3.04.00' />
  <meta name='ocr-capabilities' content='ocr_page ocr_carea ocr_par ocr_line ocrx_word'/>
</head>
<body>
  <div class='ocr_page' id='page_1' title='image "./operaomniaquaegr21orig_0362.png"; bbox 0 0 1404 2463; ppageno 0'>
   <div class='ocr_carea' id='block_1_1' title="bbox 181 114 835 150">
    <p class='ocr_par' dir='ltr' id='par_1_1' title="bbox 181 114 835 150">
     <span class='ocr_line' id='line_1_1' title="bbox 181 114 835 150; baseline -0.005 0"><span class='ocrx_word' id='word_1_1' title='bbox 181 116 248 150; x_wconf 66' lang='lat'>345</span> <span class='ocrx_word' id='word_1_2' title='bbox 659 114 835 148; x_wconf 69' lang='lat' dir='ltr'>Omefims</span> 
     </span>
    </p>
   </div>
   <div class='ocr_carea' id='block_1_2' title="bbox 183 203 1328 1551">
    <p class='ocr_par' dir='ltr' id='par_1_2' title="bbox 183 203 1323 1104">
     <span class='ocr_line' id='line_1_2' title="bbox 183 203 1314 250; baseline 0 -13"><span class='ocrx_word' id='word_1_3' title='bbox 183 215 260 250; x_wconf 80' lang='lat' dir='ltr'>post</span> <span class='ocrx_word' id='word_1_4' title='bbox 295 206 381 237; x_wconf 80' lang='lat' dir='ltr'><strong>hunc</strong></span> <span class='ocrx_word' id='word_1_5' title='bbox 412 204 496 237; x_wconf 80' lang='lat' dir='ltr'>alius</span> <span class='ocrx_word' id='word_1_6' title='bbox 527 204 688 244; x_wconf 86' lang='lat' dir='ltr'>mundus,</span> <span class='ocrx_word' id='word_1_7' title='bbox 724 203 836 236; x_wconf 77' lang='lat' dir='ltr'>Esaias</span> <span class='ocrx_word' id='word_1_8' title='bbox 862 204 982 244; x_wconf 87' lang='lat' dir='ltr'>docet,</span> <span class='ocrx_word' id='word_1_9' title='bbox 1008 204 1138 237; x_wconf 80' lang='lat' dir='ltr'>diceus:</span> <span class='ocrx_word' id='word_1_10' title='bbox 1177 204 1314 249; x_wconf 54' lang='lat' dir='ltr'>»En-iv)</span> 
     </span>
     <span class='ocr_line' id='line_1_3' title="bbox 183 265 1314 310; baseline -0.003 -10"><span class='ocrx_word' id='word_1_11' title='bbox 183 268 316 300; x_wconf 88' lang='lat' dir='ltr'>coelum</span> <span class='ocrx_word' id='word_1_12' title='bbox 348 280 494 305; x_wconf 88' lang='lat' dir='ltr'>novum,</span> <span class='ocrx_word' id='word_1_13' title='bbox 527 275 559 297; x_wconf 82' lang='lat' dir='ltr'>et</span> <span class='ocrx_word' id='word_1_14' title='bbox 587 275 673 298; x_wconf 74' lang='lat' dir='ltr'>terra</span> <span class='ocrx_word' id='word_1_15' title='bbox 705 279 808 307; x_wconf 78' lang='lat' dir='ltr'>nova,</span> <span class='ocrx_word' id='word_1_16' title='bbox 843 278 927 310; x_wconf 77' lang='lat' dir='ltr'>quae</span> <span class='ocrx_word' id='word_1_17' title='bbox 953 278 1013 308; x_wconf 80' lang='lat' dir='ltr'>ego</span> <span class='ocrx_word' id='word_1_18' title='bbox 1039 265 1158 298; x_wconf 76' lang='lat' dir='ltr'>faciam</span> <span class='ocrx_word' id='word_1_19' title='bbox 1184 278 1314 309; x_wconf 79' lang='lat' dir='ltr'>perma-</span> 
     </span>
     <span class='ocr_line' id='line_1_4' title="bbox 184 327 1312 373; baseline -0.003 -11"><span class='ocrx_word' id='word_1_20' title='bbox 184 342 263 362; x_wconf 84' lang='lat' dir='ltr'>nere</span> <span class='ocrx_word' id='word_1_21' title='bbox 294 329 328 361; x_wconf 90' lang='lat' dir='ltr'>in</span> <span class='ocrx_word' id='word_1_22' title='bbox 360 337 543 373; x_wconf 78' lang='lat' dir='ltr'>conspectu</span> <span class='ocrx_word' id='word_1_23' title='bbox 574 340 671 367; x_wconf 79' lang='lat' dir='ltr'>meo,</span> <span class='ocrx_word' id='word_1_24' title='bbox 702 327 784 359; x_wconf 85' lang='lat' dir='ltr'>dicit</span> <span class='ocrx_word' id='word_1_25' title='bbox 815 327 1016 360; x_wconf 80' lang='lat' dir='ltr'>Dnminus.“</span> <span class='ocrx_word' id='word_1_26' title='bbox 1066 327 1170 370; x_wconf 87' lang='lat' dir='ltr'><strong>Quod</strong></span> <span class='ocrx_word' id='word_1_27' title='bbox 1202 336 1312 359; x_wconf 81' lang='lat' dir='ltr'>autem</span> 
     </span>
     <span class='ocr_line' id='line_1_5' title="bbox 183 389 1313 429; baseline -0.002 -6"><span class='ocrx_word' id='word_1_28' title='bbox 183 400 258 423; x_wconf 86' lang='lat' dir='ltr'>ame</span> <span class='ocrx_word' id='word_1_29' title='bbox 283 392 371 423; x_wconf 86' lang='lat' dir='ltr'><strong>hunc</strong></span> <span class='ocrx_word' id='word_1_30' title='bbox 396 391 560 422; x_wconf 87' lang='lat' dir='ltr'>mundum</span> <span class='ocrx_word' id='word_1_31' title='bbox 585 389 710 422; x_wconf 84' lang='lat' dir='ltr'>fuerint</span> <span class='ocrx_word' id='word_1_32' title='bbox 734 389 833 422; x_wconf 82' lang='lat' dir='ltr'>etiam</span> <span class='ocrx_word' id='word_1_33' title='bbox 857 389 930 429; x_wconf 76' lang='lat' dir='ltr'>alii,</span> <span class='ocrx_word' id='word_1_34' title='bbox 961 389 1179 422; x_wconf 61' lang='lat' dir='ltr'>Ecclesiae-»tes</span> <span class='ocrx_word' id='word_1_35' title='bbox 1204 398 1313 421; x_wconf 86' lang='lat' dir='ltr'>osten-</span> 
     </span>
     <span class='ocr_line' id='line_1_6' title="bbox 187 450 1315 496; baseline -0.003 -11"><span class='ocrx_word' id='word_1_36' title='bbox 187 453 254 493; x_wconf 85' lang='lat' dir='ltr'><strong>dit,</strong></span> <span class='ocrx_word' id='word_1_37' title='bbox 287 453 417 485; x_wconf 86' lang='lat' dir='ltr'>dicens.</span> <span class='ocrx_word' id='word_1_38' title='bbox 462 451 575 495; x_wconf 83' lang='lat' dir='ltr'>„Quid</span> <span class='ocrx_word' id='word_1_39' title='bbox 590 452 623 496; x_wconf 89' lang='lat'>²)</span> <span class='ocrx_word' id='word_1_40' title='bbox 656 461 706 483; x_wconf 86' lang='lat' dir='ltr'>est</span> <span class='ocrx_word' id='word_1_41' title='bbox 736 452 829 496; x_wconf 91' lang='lat' dir='ltr'><strong>quod</strong></span> <span class='ocrx_word' id='word_1_42' title='bbox 861 452 985 483; x_wconf 77' lang='lat' dir='ltr'>sactum</span> <span class='ocrx_word' id='word_1_43' title='bbox 1018 450 1091 484; x_wconf 86' lang='lat' dir='ltr'>est?</span> <span class='ocrx_word' id='word_1_44' title='bbox 1130 451 1168 483; x_wconf 88' lang='lat' dir='ltr'>ld</span> <span class='ocrx_word' id='word_1_45' title='bbox 1193 451 1315 495; x_wconf 83' lang='lat' dir='ltr'>ipsum,</span> 
     </span>
     <span class='ocr_line' id='line_1_7' title="bbox 186 512 1315 559; baseline -0.002 -13"><span class='ocrx_word' id='word_1_46' title='bbox 186 515 278 559; x_wconf 90' lang='lat' dir='ltr'><strong>quod</strong></span> <span class='ocrx_word' id='word_1_47' title='bbox 312 515 463 546; x_wconf 84' lang='lat' dir='ltr'>futurum</span> <span class='ocrx_word' id='word_1_48' title='bbox 489 523 546 547; x_wconf 88' lang='lat' dir='ltr'>est.</span> <span class='ocrx_word' id='word_1_49' title='bbox 595 513 639 545; x_wconf 86' lang='lat' dir='ltr'>Et</span> <span class='ocrx_word' id='word_1_50' title='bbox 664 513 745 558; x_wconf 88' lang='lat' dir='ltr'>quid</span> <span class='ocrx_word' id='word_1_51' title='bbox 771 522 820 545; x_wconf 89' lang='lat' dir='ltr'>est</span> <span class='ocrx_word' id='word_1_52' title='bbox 845 514 936 557; x_wconf 89' lang='lat' dir='ltr'><strong>quod</strong></span> <span class='ocrx_word' id='word_1_53' title='bbox 963 522 1109 545; x_wconf 74' lang='lat' dir='ltr'>creatum</span> <span class='ocrx_word' id='word_1_54' title='bbox 1135 512 1205 546; x_wconf 82' lang='lat' dir='ltr'>est?</span> <span class='ocrx_word' id='word_1_55' title='bbox 1240 512 1315 544; x_wconf 85' lang='lat' dir='ltr'>Hoc</span> 
     </span>
     <span class='ocr_line' id='line_1_8' title="bbox 186 574 1317 620; baseline -0.002 -12"><span class='ocrx_word' id='word_1_56' title='bbox 186 577 296 620; x_wconf 85' lang='lat' dir='ltr'>ipsum</span> <span class='ocrx_word' id='word_1_57' title='bbox 330 577 421 620; x_wconf 89' lang='lat' dir='ltr'><strong>quod</strong></span> <span class='ocrx_word' id='word_1_58' title='bbox 453 576 650 608; x_wconf 78' lang='lat' dir='ltr'>creandum:</span> <span class='ocrx_word' id='word_1_59' title='bbox 688 584 721 607; x_wconf 90' lang='lat' dir='ltr'>et</span> <span class='ocrx_word' id='word_1_60' title='bbox 750 575 834 607; x_wconf 82' lang='lat' dir='ltr'>nihil</span> <span class='ocrx_word' id='word_1_61' title='bbox 866 584 915 606; x_wconf 86' lang='lat' dir='ltr'>est</span> <span class='ocrx_word' id='word_1_62' title='bbox 947 574 1088 607; x_wconf 86' lang='lat' dir='ltr'>omnino</span> <span class='ocrx_word' id='word_1_63' title='bbox 1112 588 1229 608; x_wconf 83' lang='lat' dir='ltr'>recens</span> <span class='ocrx_word' id='word_1_64' title='bbox 1255 576 1317 607; x_wconf 91' lang='lat' dir='ltr'>sub</span> 
     </span>
     <span class='ocr_line' id='line_1_9' title="bbox 185 636 1320 682; baseline 0 -12"><span class='ocrx_word' id='word_1_65' title='bbox 185 638 266 670; x_wconf 84' lang='lat' dir='ltr'>sole.</span> <span class='ocrx_word' id='word_1_66' title='bbox 317 638 385 671; x_wconf 88' lang='lat' dir='ltr'>Sed</span> <span class='ocrx_word' id='word_1_67' title='bbox 411 638 482 682; x_wconf 88' lang='lat' dir='ltr'>quis</span> <span class='ocrx_word' id='word_1_68' title='bbox 508 638 678 682; x_wconf 83' lang='lat' dir='ltr'><strong>loquetur,</strong></span> <span class='ocrx_word' id='word_1_69' title='bbox 704 647 737 669; x_wconf 88' lang='lat' dir='ltr'>et</span> <span class='ocrx_word' id='word_1_70' title='bbox 762 636 868 670; x_wconf 87' lang='lat' dir='ltr'>dicet:</span> <span class='ocrx_word' id='word_1_71' title='bbox 896 637 982 669; x_wconf 86' lang='lat' dir='ltr'>Ecce</span> <span class='ocrx_word' id='word_1_72' title='bbox 1008 637 1073 669; x_wconf 84' lang='lat' dir='ltr'>hoc</span> <span class='ocrx_word' id='word_1_73' title='bbox 1097 650 1222 670; x_wconf 82' lang='lat' dir='ltr'>novum</span> <span class='ocrx_word' id='word_1_74' title='bbox 1247 637 1320 670; x_wconf 85' lang='lat' dir='ltr'>est?</span> 
     </span>
     <span class='ocr_line' id='line_1_10' title="bbox 186 698 1318 743; baseline -0.002 -11"><span class='ocrx_word' id='word_1_75' title='bbox 186 701 261 733; x_wconf 88' lang='lat' dir='ltr'>Jam</span> <span class='ocrx_word' id='word_1_76' title='bbox 287 700 350 732; x_wconf 83' lang='lat' dir='ltr'>suit</span> <span class='ocrx_word' id='word_1_77' title='bbox 373 699 407 732; x_wconf 85' lang='lat' dir='ltr'>id</span> <span class='ocrx_word' id='word_1_78' title='bbox 434 700 467 731; x_wconf 91' lang='lat' dir='ltr'>in</span> <span class='ocrx_word' id='word_1_79' title='bbox 491 699 648 738; x_wconf 78' lang='lat' dir='ltr'>saeculis,</span> <span class='ocrx_word' id='word_1_80' title='bbox 673 712 756 743; x_wconf 79' lang='lat' dir='ltr'>quae</span> <span class='ocrx_word' id='word_1_81' title='bbox 782 700 918 730; x_wconf 86' lang='lat' dir='ltr'>suerunt</span> <span class='ocrx_word' id='word_1_82' title='bbox 942 708 1017 730; x_wconf 80' lang='lat' dir='ltr'>ante</span> <span class='ocrx_word' id='word_1_83' title='bbox 1041 702 1136 731; x_wconf 83' lang='lat' dir='ltr'>nos.“</span> <span class='ocrx_word' id='word_1_84' title='bbox 1185 698 1318 742; x_wconf 83' lang='lat' dir='ltr'>Quibus</span> 
     </span>
     <span class='ocr_line' id='line_1_11' title="bbox 188 760 1319 805; baseline -0.003 -10"><span class='ocrx_word' id='word_1_85' title='bbox 188 761 388 794; x_wconf 76' lang='lat' dir='ltr'>testimoniis</span> <span class='ocrx_word' id='word_1_86' title='bbox 412 770 592 805; x_wconf 78' lang='lat' dir='ltr'>utrumque</span> <span class='ocrx_word' id='word_1_87' title='bbox 618 760 762 804; x_wconf 70' lang='lat' dir='ltr'>simu13)</span> <span class='ocrx_word' id='word_1_88' title='bbox 788 761 961 804; x_wconf 77' lang='lat' dir='ltr'>probatur,</span> <span class='ocrx_word' id='word_1_89' title='bbox 987 761 1079 804; x_wconf 90' lang='lat' dir='ltr'><strong>quod</strong></span> <span class='ocrx_word' id='word_1_90' title='bbox 1104 770 1138 793; x_wconf 86' lang='lat' dir='ltr'>et</span> <span class='ocrx_word' id='word_1_91' title='bbox 1154 769 1230 792; x_wconf 78' lang='lat' dir='ltr'>ante</span> <span class='ocrx_word' id='word_1_92' title='bbox 1247 761 1319 793; x_wconf 83' lang='lat' dir='ltr'>sue-</span> 
     </span>
     <span class='ocr_line' id='line_1_12' title="bbox 189 821 1318 868; baseline -0.003 -11"><span class='ocrx_word' id='word_1_93' title='bbox 189 825 256 857; x_wconf 86' lang='lat' dir='ltr'>rint</span> <span class='ocrx_word' id='word_1_94' title='bbox 268 824 301 868; x_wconf 78' lang='lat'>⁴)</span> <span class='ocrx_word' id='word_1_95' title='bbox 331 824 480 862; x_wconf 83' lang='lat' dir='ltr'>saecula,</span> <span class='ocrx_word' id='word_1_96' title='bbox 516 831 548 853; x_wconf 82' lang='lat' dir='ltr'>ct</span> <span class='ocrx_word' id='word_1_97' title='bbox 580 823 691 854; x_wconf 80' lang='lat' dir='ltr'>futura</span> <span class='ocrx_word' id='word_1_98' title='bbox 722 821 788 853; x_wconf 86' lang='lat' dir='ltr'>sint</span> <span class='ocrx_word' id='word_1_99' title='bbox 822 823 1051 865; x_wconf 86' lang='lat' dir='ltr'>postmodum.</span> <span class='ocrx_word' id='word_1_100' title='bbox 1098 822 1176 855; x_wconf 88' lang='lat' dir='ltr'>Non</span> <span class='ocrx_word' id='word_1_101' title='bbox 1207 831 1318 854; x_wconf 79' lang='lat' dir='ltr'>tamen</span> 
     </span>
     <span class='ocr_line' id='line_1_13' title="bbox 188 882 1321 930; baseline -0.003 -12"><span class='ocrx_word' id='word_1_102' title='bbox 188 886 374 930; x_wconf 79' lang='lat' dir='ltr'>putandum</span> <span class='ocrx_word' id='word_1_103' title='bbox 401 894 449 917; x_wconf 88' lang='lat' dir='ltr'>est</span> <span class='ocrx_word' id='word_1_104' title='bbox 473 884 585 928; x_wconf 82' lang='lat' dir='ltr'>plures</span> <span class='ocrx_word' id='word_1_105' title='bbox 611 883 756 915; x_wconf 83' lang='lat' dir='ltr'>mundos</span> <span class='ocrx_word' id='word_1_106' title='bbox 779 882 879 915; x_wconf 83' lang='lat' dir='ltr'>simul</span> <span class='ocrx_word' id='word_1_107' title='bbox 905 896 987 925; x_wconf 69' lang='lat' dir='ltr'>csse,</span> <span class='ocrx_word' id='word_1_108' title='bbox 1011 884 1068 916; x_wconf 84' lang='lat' dir='ltr'>sed</span> <span class='ocrx_word' id='word_1_109' title='bbox 1092 893 1170 927; x_wconf 88' lang='lat' dir='ltr'>post</span> <span class='ocrx_word' id='word_1_110' title='bbox 1184 884 1216 927; x_wconf 86' lang='lat'>⁵)</span> <span class='ocrx_word' id='word_1_111' title='bbox 1234 884 1321 916; x_wconf 86' lang='lat' dir='ltr'><strong>hunc</strong></span> 
     </span>
     <span class='ocr_line' id='line_1_14' title="bbox 190 944 1322 990; baseline -0.002 -11"><span class='ocrx_word' id='word_1_112' title='bbox 190 947 370 990; x_wconf 65' lang='lat' dir='ltr'>initiumss)</span> <span class='ocrx_word' id='word_1_113' title='bbox 402 946 546 978; x_wconf 74' lang='lat' dir='ltr'>aliorum</span> <span class='ocrx_word' id='word_1_114' title='bbox 574 946 741 977; x_wconf 79' lang='lat' dir='ltr'>futurum:</span> <span class='ocrx_word' id='word_1_115' title='bbox 777 945 818 977; x_wconf 82' lang='lat' dir='ltr'>de</span> <span class='ocrx_word' id='word_1_116' title='bbox 844 944 965 989; x_wconf 85' lang='lat' dir='ltr'>quibus</span> <span class='ocrx_word' id='word_1_117' title='bbox 988 958 1078 977; x_wconf 89' lang='lat' dir='ltr'><strong>nunc</strong></span> <span class='ocrx_word' id='word_1_118' title='bbox 1101 958 1169 977; x_wconf 89' lang='lat' dir='ltr'>non</span> <span class='ocrx_word' id='word_1_119' title='bbox 1194 954 1243 978; x_wconf 87' lang='lat' dir='ltr'>est</span> <span class='ocrx_word' id='word_1_120' title='bbox 1265 957 1322 977; x_wconf 83' lang='lat' dir='ltr'>ue-</span> 
     </span>
     <span class='ocr_line' id='line_1_15' title="bbox 190 1006 1323 1053; baseline -0.002 -12"><span class='ocrx_word' id='word_1_121' title='bbox 190 1009 367 1042; x_wconf 78' lang='lat' dir='ltr'>cessarium</span> <span class='ocrx_word' id='word_1_122' title='bbox 394 1022 455 1053; x_wconf 81' lang='lat' dir='ltr'>per</span> <span class='ocrx_word' id='word_1_123' title='bbox 478 1008 607 1050; x_wconf 76' lang='lat' dir='ltr'>singula</span> <span class='ocrx_word' id='word_1_124' title='bbox 632 1016 803 1052; x_wconf 82' lang='lat' dir='ltr'>repetere,</span> <span class='ocrx_word' id='word_1_125' title='bbox 835 1020 910 1039; x_wconf 90' lang='lat' dir='ltr'>cum</span> <span class='ocrx_word' id='word_1_126' title='bbox 934 1006 999 1053; x_wconf 78' lang='lat' dir='ltr'>jam</span> <span class='ocrx_word' id='word_1_127' title='bbox 1024 1007 1060 1040; x_wconf 90' lang='lat' dir='ltr'>id</span> <span class='ocrx_word' id='word_1_128' title='bbox 1085 1007 1118 1039; x_wconf 91' lang='lat' dir='ltr'>in</span> <span class='ocrx_word' id='word_1_129' title='bbox 1141 1006 1323 1051; x_wconf 78' lang='lat' dir='ltr'>superiori-</span> 
     </span>
     <span class='ocr_line' id='line_1_16' title="bbox 191 1071 466 1104; baseline -0.004 -1"><span class='ocrx_word' id='word_1_130' title='bbox 191 1072 252 1103; x_wconf 92' lang='lat' dir='ltr'>bus</span> <span class='ocrx_word' id='word_1_131' title='bbox 278 1071 466 1104; x_wconf 84' lang='lat' dir='ltr'>fecerimus.</span> 
     </span>
    </p>

    <p class='ocr_par' dir='ltr' id='par_1_3' title="bbox 192 1130 1328 1551">
     <span class='ocr_line' id='line_1_17' title="bbox 284 1130 1324 1177; baseline -0.003 -11"><span class='ocrx_word' id='word_1_132' title='bbox 284 1134 314 1167; x_wconf 70' lang='lat'>4,</span> <span class='ocrx_word' id='word_1_133' title='bbox 366 1132 497 1177; x_wconf 85' lang='lat' dir='ltr'><strong>{llud⁷)</strong></span> <span class='ocrx_word' id='word_1_134' title='bbox 529 1145 608 1165; x_wconf 81' lang='lat' dir='ltr'>sane</span> <span class='ocrx_word' id='word_1_135' title='bbox 640 1130 749 1164; x_wconf 77' lang='lat' dir='ltr'>otiose</span> <span class='ocrx_word' id='word_1_136' title='bbox 781 1132 1062 1176; x_wconf 81' lang='lat' dir='ltr'>praetereundum</span> <span class='ocrx_word' id='word_1_137' title='bbox 1097 1131 1212 1175; x_wconf 56' lang='lat' dir='ltr'><strong>noufl)</strong></span> <span class='ocrx_word' id='word_1_138' title='bbox 1236 1131 1324 1163; x_wconf 79' lang='lat' dir='ltr'>arbi-</span> 
     </span>
     <span class='ocr_line' id='line_1_18' title="bbox 192 1193 1324 1240; baseline -0.004 -11"><span class='ocrx_word' id='word_1_139' title='bbox 192 1207 281 1238; x_wconf 82' lang='lat' dir='ltr'>tror,</span> <span class='ocrx_word' id='word_1_140' title='bbox 324 1195 415 1240; x_wconf 87' lang='lat' dir='ltr'><strong>quod</strong></span> <span class='ocrx_word' id='word_1_141' title='bbox 441 1193 635 1238; x_wconf 83' lang='lat' dir='ltr'>Scripturae</span> <span class='ocrx_word' id='word_1_142' title='bbox 665 1202 797 1226; x_wconf 75' lang='lat' dir='ltr'>sanctae</span> <span class='ocrx_word' id='word_1_143' title='bbox 829 1193 1059 1225; x_wconf 82' lang='lat' dir='ltr'>conditionem</span> <span class='ocrx_word' id='word_1_144' title='bbox 1093 1193 1210 1225; x_wconf 86' lang='lat' dir='ltr'>mundi</span> <span class='ocrx_word' id='word_1_145' title='bbox 1234 1205 1324 1225; x_wconf 85' lang='lat' dir='ltr'>novo</span> 
     </span>
     <span class='ocr_line' id='line_1_19' title="bbox 193 1255 1324 1304; baseline -0.003 -13"><span class='ocrx_word' id='word_1_146' title='bbox 193 1259 339 1304; x_wconf 78' lang='lat' dir='ltr'>quodam</span> <span class='ocrx_word' id='word_1_147' title='bbox 375 1266 407 1289; x_wconf 83' lang='lat' dir='ltr'>et</span> <span class='ocrx_word' id='word_1_148' title='bbox 431 1255 571 1301; x_wconf 77' lang='lat' dir='ltr'>proprio</span> <span class='ocrx_word' id='word_1_149' title='bbox 599 1255 737 1288; x_wconf 82' lang='lat' dir='ltr'>nomine</span> <span class='ocrx_word' id='word_1_150' title='bbox 764 1265 1059 1299; x_wconf 77' lang='lat' dir='ltr'><strong>nuncupaverunt,</strong></span> <span class='ocrx_word' id='word_1_151' title='bbox 1085 1255 1232 1288; x_wconf 79' lang='lat' dir='ltr'>dicentes</span> <span class='ocrx_word' id='word_1_152' title='bbox 1257 1268 1324 1289; x_wconf 78' lang='grc' dir='ltr'>κα-</span> 
     </span>
     <span class='ocr_line' id='line_1_20' title="bbox 195 1317 1326 1364; baseline -0.005 -9"><span class='ocrx_word' id='word_1_153' title='bbox 195 1319 349 1364; x_wconf 69' lang='grc' dir='ltr'>ιαβολὴν</span> <span class='ocrx_word' id='word_1_154' title='bbox 383 1317 520 1357; x_wconf 87' lang='lat' dir='ltr'>mundi,</span> <span class='ocrx_word' id='word_1_155' title='bbox 557 1318 648 1362; x_wconf 90' lang='lat' dir='ltr'><strong>quod</strong></span> <span class='ocrx_word' id='word_1_156' title='bbox 687 1317 785 1350; x_wconf 76' lang='lat' dir='ltr'>latine</span> <span class='ocrx_word' id='word_1_157' title='bbox 820 1317 897 1349; x_wconf 77' lang='lat' dir='ltr'>satis</span> <span class='ocrx_word' id='word_1_158' title='bbox 922 1317 1108 1362; x_wconf 81' lang='lat' dir='ltr'>improprie</span> <span class='ocrx_word' id='word_1_159' title='bbox 1132 1317 1326 1349; x_wconf 79' lang='lat' dir='ltr'>translatum</span> 
     </span>
     <span class='ocr_line' id='line_1_21' title="bbox 196 1377 1326 1422; baseline -0.004 -7"><span class='ocrx_word' id='word_1_160' title='bbox 196 1381 472 1415; x_wconf 72' lang='lat' dir='ltr'>constitutionem</span> <span class='ocrx_word' id='word_1_161' title='bbox 517 1378 634 1411; x_wconf 86' lang='lat' dir='ltr'>mundi</span> <span class='ocrx_word' id='word_1_162' title='bbox 681 1378 900 1422; x_wconf 77' lang='lat' dir='ltr'>dixerunt:⁹)</span> <span class='ocrx_word' id='word_1_163' title='bbox 947 1377 1125 1422; x_wconf 68' lang='grc' dir='ltr'>καταβολή</span> <span class='ocrx_word' id='word_1_164' title='bbox 1173 1392 1252 1412; x_wconf 87' lang='lat' dir='ltr'>vero</span> <span class='ocrx_word' id='word_1_165' title='bbox 1293 1379 1326 1411; x_wconf 90' lang='lat' dir='ltr'>iu</span> 
     </span>
     <span class='ocr_line' id='line_1_22' title="bbox 195 1440 1326 1487; baseline -0.003 -11"><span class='ocrx_word' id='word_1_166' title='bbox 195 1457 313 1487; x_wconf 83' lang='lat' dir='ltr'>graecu</span> <span class='ocrx_word' id='word_1_167' title='bbox 340 1441 442 1483; x_wconf 81' lang='lat' dir='ltr'>magis</span> <span class='ocrx_word' id='word_1_168' title='bbox 469 1443 658 1483; x_wconf 75' lang='lat' dir='ltr'>„dejicere“</span> <span class='ocrx_word' id='word_1_169' title='bbox 683 1440 862 1482; x_wconf 79' lang='lat' dir='ltr'>siguificat,</span> <span class='ocrx_word' id='word_1_170' title='bbox 893 1440 926 1472; x_wconf 85' lang='lat' dir='ltr'>id</span> <span class='ocrx_word' id='word_1_171' title='bbox 953 1450 1002 1473; x_wconf 78' lang='lat' dir='ltr'>est</span> <span class='ocrx_word' id='word_1_172' title='bbox 1027 1441 1183 1473; x_wconf 82' lang='lat' dir='ltr'>deorsum</span> <span class='ocrx_word' id='word_1_173' title='bbox 1209 1441 1326 1486; x_wconf 65' lang='lat' dir='ltr'>jacere,</span> 
     </span>
     <span class='ocr_line' id='line_1_23' title="bbox 197 1501 1328 1551; baseline -0.003 -13"><span class='ocrx_word' id='word_1_174' title='bbox 197 1506 289 1551; x_wconf 84' lang='lat' dir='ltr'><strong>quod</strong></span> <span class='ocrx_word' id='word_1_175' title='bbox 314 1504 416 1536; x_wconf 85' lang='lat' dir='ltr'>latine</span> <span class='ocrx_word' id='word_1_176' title='bbox 440 1501 647 1546; x_wconf 83' lang='lat' dir='ltr'>improprie,</span> <span class='ocrx_word' id='word_1_177' title='bbox 671 1511 709 1534; x_wconf 91' lang='lat' dir='ltr'>ut</span> <span class='ocrx_word' id='word_1_178' title='bbox 733 1502 888 1544; x_wconf 67' lang='lat' dir='ltr'>diximus,</span> <span class='ocrx_word' id='word_1_179' title='bbox 913 1502 1186 1535; x_wconf 77' lang='lat' dir='ltr'>constitutionem</span> <span class='ocrx_word' id='word_1_180' title='bbox 1211 1503 1328 1535; x_wconf 86' lang='lat' dir='ltr'>mundi</span> 
     </span>
    </p>
   </div>
   <div class='ocr_carea' id='block_1_3' title="bbox 197 1563 1328 1612">
    <p class='ocr_par' dir='ltr' id='par_1_4' title="bbox 197 1563 1328 1612">
     <span class='ocr_line' id='line_1_24' title="bbox 197 1563 1328 1612; baseline -0.003 -12"><span class='ocrx_word' id='word_1_181' title='bbox 197 1565 409 1612; x_wconf 79' lang='lat' dir='ltr'>interpretati</span> <span class='ocrx_word' id='word_1_182' title='bbox 432 1572 525 1606; x_wconf 69' lang='lat' dir='ltr'>sunt,</span> <span class='ocrx_word' id='word_1_183' title='bbox 557 1564 642 1596; x_wconf 85' lang='lat' dir='ltr'>sicut</span> <span class='ocrx_word' id='word_1_184' title='bbox 674 1563 708 1596; x_wconf 91' lang='lat' dir='ltr'>in</span> <span class='ocrx_word' id='word_1_185' title='bbox 732 1564 915 1606; x_wconf 74' lang='lat' dir='ltr'>Evangelio</span> <span class='ocrx_word' id='word_1_186' title='bbox 940 1566 1125 1597; x_wconf 82' lang='lat' dir='ltr'>secundum</span> <span class='ocrx_word' id='word_1_187' title='bbox 1150 1564 1328 1605; x_wconf 72' lang='lat' dir='ltr'>Jowncm,</span> 
     </span>
    </p>
   </div>
   <div class='ocr_carea' id='block_1_4' title="bbox 201 1650 389 1656">
    <p class='ocr_par' dir='ltr' id='par_1_5' title="bbox 201 1650 389 1656">
     <span class='ocr_line' id='line_1_25' title="bbox 201 1650 389 1656; baseline 0 0"><span class='ocrx_word' id='word_1_188' title='bbox 201 1650 389 1656; x_wconf 95' lang='lat' dir='ltr'> </span> 
     </span>
    </p>
   </div>
   <div class='ocr_carea' id='block_1_5' title="bbox 293 1694 1328 1852">
    <p class='ocr_par' dir='ltr' id='par_1_6' title="bbox 293 1694 1328 1852">
     <span class='ocr_line' id='line_1_26' title="bbox 298 1694 1255 1740; baseline 0 -13"><span class='ocrx_word' id='word_1_189' title='bbox 298 1697 329 1740; x_wconf 88' lang='lat'>¹)</span> <span class='ocrx_word' id='word_1_190' title='bbox 355 1695 424 1728; x_wconf 83' lang='lat' dir='ltr'>Cfr.</span> <span class='ocrx_word' id='word_1_191' title='bbox 449 1694 549 1727; x_wconf 77' lang='lat' dir='ltr'>Jesai.</span> <span class='ocrx_word' id='word_1_192' title='bbox 577 1694 692 1733; x_wconf 77' lang='lat' dir='ltr'>LXVI,</span> <span class='ocrx_word' id='word_1_193' title='bbox 716 1694 770 1727; x_wconf 79' lang='lat'>22.</span> <span class='ocrx_word' id='word_1_194' title='bbox 865 1695 898 1738; x_wconf 75' lang='lat'>²)</span> <span class='ocrx_word' id='word_1_195' title='bbox 925 1694 992 1727; x_wconf 85' lang='lat' dir='ltr'>Csr.</span> <span class='ocrx_word' id='word_1_196' title='bbox 1019 1694 1145 1727; x_wconf 74' lang='lat' dir='ltr'>Eccies.</span> <span class='ocrx_word' id='word_1_197' title='bbox 1175 1695 1199 1733; x_wconf 85' lang='grc' dir='ltr'>Ῑ,</span> <span class='ocrx_word' id='word_1_198' title='bbox 1223 1694 1255 1729; x_wconf 78' lang='grc'>9.</span> 
     </span>
     <span class='ocr_line' id='line_1_27' title="bbox 293 1750 1328 1794; baseline 0 -11"><span class='ocrx_word' id='word_1_199' title='bbox 293 1752 327 1793; x_wconf 79' lang='lat'>³)</span> <span class='ocrx_word' id='word_1_200' title='bbox 352 1751 458 1783; x_wconf 87' lang='lat' dir='ltr'>Deest</span> <span class='ocrx_word' id='word_1_201' title='bbox 484 1750 625 1792; x_wconf 81' lang='lat' dir='ltr'>„simul“</span> <span class='ocrx_word' id='word_1_202' title='bbox 651 1751 685 1783; x_wconf 83' lang='lat' dir='ltr'>in</span> <span class='ocrx_word' id='word_1_203' title='bbox 713 1751 790 1782; x_wconf 84' lang='lat' dir='ltr'>edd.</span> <span class='ocrx_word' id='word_1_204' title='bbox 808 1751 856 1782; x_wconf 90' lang='lat' dir='ltr'>M.</span> <span class='ocrx_word' id='word_1_205' title='bbox 910 1751 943 1794; x_wconf 80' lang='lat'>⁴)</span> <span class='ocrx_word' id='word_1_206' title='bbox 964 1751 1048 1783; x_wconf 85' lang='lat' dir='ltr'><strong>Edd.</strong></span> <span class='ocrx_word' id='word_1_207' title='bbox 1066 1751 1114 1783; x_wconf 88' lang='grc' dir='ltr'>Μ.</span> <span class='ocrx_word' id='word_1_208' title='bbox 1141 1752 1328 1792; x_wconf 82' lang='lat' dir='ltr'>„suerunt.“</span> 
     </span>
     <span class='ocr_line' id='line_1_28' title="bbox 295 1806 865 1852; baseline -0.004 -12"><span class='ocrx_word' id='word_1_209' title='bbox 295 1809 327 1852; x_wconf 86' lang='lat'>⁵)</span> <span class='ocrx_word' id='word_1_210' title='bbox 353 1809 458 1840; x_wconf 85' lang='lat' dir='ltr'>Deest</span> <span class='ocrx_word' id='word_1_211' title='bbox 486 1816 601 1851; x_wconf 78' lang='lat' dir='ltr'>»post«</span> <span class='ocrx_word' id='word_1_212' title='bbox 630 1807 662 1838; x_wconf 88' lang='lat' dir='ltr'>iu</span> <span class='ocrx_word' id='word_1_213' title='bbox 689 1807 743 1838; x_wconf 81' lang='lat' dir='ltr'>ed.</span> <span class='ocrx_word' id='word_1_214' title='bbox 770 1806 814 1838; x_wconf 83' lang='lat' dir='ltr'>M.</span> <span class='ocrx_word' id='word_1_215' title='bbox 845 1808 865 1838; x_wconf 93' lang='grc' dir='ltr'>Ι.</span> 
     </span>
    </p>
   </div>
   <div class='ocr_carea' id='block_1_6' title="bbox 204 1860 1332 1952">
    <p class='ocr_par' dir='ltr' id='par_1_7' title="bbox 204 1860 1332 1952">
     <span class='ocr_line' id='line_1_29' title="bbox 294 1860 1332 1906; baseline -0.002 -10"><span class='ocrx_word' id='word_1_216' title='bbox 294 1867 327 1906; x_wconf 73' lang='lat'>⁶)</span> <span class='ocrx_word' id='word_1_217' title='bbox 352 1864 408 1897; x_wconf 85' lang='lat' dir='ltr'>Sic</span> <span class='ocrx_word' id='word_1_218' title='bbox 436 1862 517 1895; x_wconf 81' lang='lat' dir='ltr'>Mss.</span> <span class='ocrx_word' id='word_1_219' title='bbox 544 1862 632 1894; x_wconf 80' lang='lat' dir='ltr'>Alias</span> <span class='ocrx_word' id='word_1_220' title='bbox 664 1866 710 1905; x_wconf 74' lang='lat' dir='ltr'>(V.</span> <span class='ocrx_word' id='word_1_221' title='bbox 738 1876 764 1894; x_wconf 93' lang='lat' dir='ltr'>c.</span> <span class='ocrx_word' id='word_1_222' title='bbox 797 1863 830 1894; x_wconf 90' lang='lat' dir='ltr'>in</span> <span class='ocrx_word' id='word_1_223' title='bbox 862 1862 937 1894; x_wconf 85' lang='lat' dir='ltr'>edd.</span> <span class='ocrx_word' id='word_1_224' title='bbox 963 1862 1027 1905; x_wconf 87' lang='lat' dir='ltr'>M.)</span> <span class='ocrx_word' id='word_1_225' title='bbox 1063 1861 1217 1903; x_wconf 81' lang='lat' dir='ltr'>„interim</span> <span class='ocrx_word' id='word_1_226' title='bbox 1247 1860 1332 1894; x_wconf 82' lang='lat' dir='ltr'>alios</span> 
     </span>
     <span class='ocr_line' id='line_1_30' title="bbox 204 1908 736 1952; baseline -0.002 -10"><span class='ocrx_word' id='word_1_227' title='bbox 204 1913 349 1943; x_wconf 67' lang='lat' dir='ltr'>futuros:</span> <span class='ocrx_word' id='word_1_228' title='bbox 376 1910 418 1942; x_wconf 83' lang='lat' dir='ltr'>de</span> <span class='ocrx_word' id='word_1_229' title='bbox 442 1909 583 1952; x_wconf 74' lang='lat' dir='ltr'>quibus“</span> <span class='ocrx_word' id='word_1_230' title='bbox 610 1917 671 1940; x_wconf 88' lang='lat' dir='ltr'>etc.</span> <span class='ocrx_word' id='word_1_231' title='bbox 698 1908 736 1941; x_wconf 84' lang='lat' dir='ltr'>R.</span> 
     </span>
    </p>
   </div>
   <div class='ocr_carea' id='block_1_7' title="bbox 296 1962 1333 2064">
    <p class='ocr_par' dir='ltr' id='par_1_8' title="bbox 296 1962 1333 2064">
     <span class='ocr_line' id='line_1_31' title="bbox 299 1962 1309 2008; baseline -0.001 -11"><span class='ocrx_word' id='word_1_232' title='bbox 299 1967 330 2008; x_wconf 91' lang='lat'>⁷)</span> <span class='ocrx_word' id='word_1_233' title='bbox 358 1965 428 1997; x_wconf 75' lang='lat' dir='ltr'>Cfr.</span> <span class='ocrx_word' id='word_1_234' title='bbox 454 1964 553 1996; x_wconf 90' lang='lat' dir='ltr'>Tom.</span> <span class='ocrx_word' id='word_1_235' title='bbox 579 1964 669 1996; x_wconf 86' lang='grc' dir='ltr'><strong>ΧΙΧ.</strong></span> <span class='ocrx_word' id='word_1_236' title='bbox 696 1963 727 1995; x_wconf 87' lang='lat' dir='ltr'>iu</span> <span class='ocrx_word' id='word_1_237' title='bbox 754 1964 876 1996; x_wconf 86' lang='lat' dir='ltr'>Joann.</span> <span class='ocrx_word' id='word_1_238' title='bbox 903 1964 971 2006; x_wconf 87' lang='lat' dir='ltr'>(ed.</span> <span class='ocrx_word' id='word_1_239' title='bbox 990 1963 1110 2006; x_wconf 80' lang='lat' dir='ltr'>Ruaei)</span> <span class='ocrx_word' id='word_1_240' title='bbox 1137 1975 1208 2006; x_wconf 71' lang='lat' dir='ltr'>pag.</span> <span class='ocrx_word' id='word_1_241' title='bbox 1233 1962 1309 1997; x_wconf 80' lang='lat'><strong>305.</strong></span> 
     </span>
     <span class='ocr_line' id='line_1_32' title="bbox 296 2018 1333 2064; baseline -0.001 -12"><span class='ocrx_word' id='word_1_242' title='bbox 296 2022 330 2064; x_wconf 76' lang='grc'>8)</span> <span class='ocrx_word' id='word_1_243' title='bbox 355 2021 442 2053; x_wconf 84' lang='lat' dir='ltr'><strong>Edd.</strong></span> <span class='ocrx_word' id='word_1_244' title='bbox 470 2020 516 2052; x_wconf 83' lang='lat' dir='ltr'>M.</span> <span class='ocrx_word' id='word_1_245' title='bbox 543 2033 630 2060; x_wconf 87' lang='lat' dir='ltr'>„non</span> <span class='ocrx_word' id='word_1_246' title='bbox 657 2032 726 2051; x_wconf 82' lang='lat' dir='ltr'>esse</span> <span class='ocrx_word' id='word_1_247' title='bbox 748 2019 923 2052; x_wconf 75' lang='lat' dir='ltr'>arbitror.“</span> <span class='ocrx_word' id='word_1_248' title='bbox 943 2040 982 2045; x_wconf 87' lang='lat'>-—</span> <span class='ocrx_word' id='word_1_249' title='bbox 1009 2019 1094 2051; x_wconf 78' lang='lat' dir='ltr'>Vide</span> <span class='ocrx_word' id='word_1_250' title='bbox 1119 2018 1176 2052; x_wconf 90' lang='lat' dir='ltr'>lib.</span> <span class='ocrx_word' id='word_1_251' title='bbox 1197 2020 1237 2054; x_wconf 82' lang='grc' dir='ltr'>ΙΙ,</span> <span class='ocrx_word' id='word_1_252' title='bbox 1257 2019 1333 2051; x_wconf 82' lang='lat' dir='ltr'>Ori—</span> 
     </span>
    </p>
   </div>
   <div class='ocr_carea' id='block_1_8' title="bbox 205 2065 798 2109">
    <p class='ocr_par' dir='ltr' id='par_1_9' title="bbox 205 2065 798 2109">
     <span class='ocr_line' id='line_1_33' title="bbox 205 2065 798 2109; baseline 0.002 -12"><span class='ocrx_word' id='word_1_253' title='bbox 205 2067 374 2107; x_wconf 66' lang='lat' dir='ltr'>geni-mor.</span> <span class='ocrx_word' id='word_1_254' title='bbox 400 2074 526 2109; x_wconf 73' lang='lat' dir='ltr'>quaest.</span> <span class='ocrx_word' id='word_1_255' title='bbox 552 2065 628 2098; x_wconf 88' lang='grc' dir='ltr'><strong>ΧΙΙ.</strong></span> <span class='ocrx_word' id='word_1_256' title='bbox 651 2078 743 2097; x_wconf 85' lang='lat' dir='ltr'>uum.</span> <span class='ocrx_word' id='word_1_257' title='bbox 768 2065 798 2098; x_wconf 84' lang='lat'>2.</span> 
     </span>
    </p>
   </div>
   <div class='ocr_carea' id='block_1_9' title="bbox 205 2119 1334 2344">
    <p class='ocr_par' dir='ltr' id='par_1_10' title="bbox 206 2119 1334 2344">
     <span class='ocr_line' id='line_1_34' title="bbox 297 2119 1334 2164; baseline 0 -12"><span class='ocrx_word' id='word_1_258' title='bbox 297 2122 331 2164; x_wconf 74' lang='lat'>⁹)</span> <span class='ocrx_word' id='word_1_259' title='bbox 358 2122 485 2153; x_wconf 78' lang='lat' dir='ltr'>Verba:</span> <span class='ocrx_word' id='word_1_260' title='bbox 519 2121 714 2161; x_wconf 64' lang='lat' dir='ltr'>„dixerunu</span> <span class='ocrx_word' id='word_1_261' title='bbox 747 2119 924 2164; x_wconf 61' lang='lat' dir='ltr'>meraffozr}</span> <span class='ocrx_word' id='word_1_262' title='bbox 957 2133 1037 2152; x_wconf 68' lang='lat' dir='ltr'>xero</span> <span class='ocrx_word' id='word_1_263' title='bbox 1063 2119 1096 2152; x_wconf 78' lang='lat' dir='ltr'>in</span> <span class='ocrx_word' id='word_1_264' title='bbox 1121 2132 1239 2162; x_wconf 69' lang='lat' dir='ltr'>glaeco</span> <span class='ocrx_word' id='word_1_265' title='bbox 1265 2132 1334 2151; x_wconf 77' lang='lat' dir='ltr'>ma-</span> 
     </span>
     <span class='ocr_line' id='line_1_35' title="bbox 205 2164 1333 2217; baseline -0.003 -18.94"><span class='ocrx_word' id='word_1_266' title='bbox 205 2180 251 2207; x_wconf 73' lang='lat' dir='ltr'>gis</span> <span class='ocrx_word' id='word_1_267' title='bbox 277 2166 421 2217; x_wconf 38' lang='lat' dir='ltr'>dejici-re</span> <span class='ocrx_word' id='word_1_268' title='bbox 446 2166 621 2206; x_wconf 71' lang='lat' dir='ltr'>significat,</span> <span class='ocrx_word' id='word_1_269' title='bbox 645 2166 680 2198; x_wconf 89' lang='lat' dir='ltr'>id</span> <span class='ocrx_word' id='word_1_270' title='bbox 707 2176 765 2206; x_wconf 80' lang='lat' dir='ltr'>est,</span> <span class='ocrx_word' id='word_1_271' title='bbox 791 2167 947 2198; x_wconf 83' lang='lat' dir='ltr'>deorsum</span> <span class='ocrx_word' id='word_1_272' title='bbox 974 2165 1094 2210; x_wconf 75' lang='lat' dir='ltr'>jacere,</span> <span class='ocrx_word' id='word_1_273' title='bbox 1117 2165 1206 2209; x_wconf 83' lang='lat' dir='ltr'><strong>quod</strong></span> <span class='ocrx_word' id='word_1_274' title='bbox 1235 2164 1333 2196; x_wconf 67' lang='lat' dir='ltr'>iatam</span> 
     </span>
     <span class='ocr_line' id='line_1_36' title="bbox 207 2209 1333 2261; baseline -0.003 -17.997"><span class='ocrx_word' id='word_1_275' title='bbox 207 2213 477 2255; x_wconf 81' lang='lat' dir='ltr'>improp11e,ut</span> <span class='ocrx_word' id='word_1_276' title='bbox 503 2211 663 2250; x_wconf 82' lang='lat' dir='ltr'>diximus,</span> <span class='ocrx_word' id='word_1_277' title='bbox 695 2211 969 2243; x_wconf 80' lang='lat' dir='ltr'>constitutionem</span> <span class='ocrx_word' id='word_1_278' title='bbox 994 2209 1151 2248; x_wconf 83' lang='lat' dir='ltr'>muudi,“</span> <span class='ocrx_word' id='word_1_279' title='bbox 1183 2222 1281 2261; x_wconf 76' lang='lat' dir='ltr'>quae</span> <span class='ocrx_word' id='word_1_280' title='bbox 1292 2210 1333 2241; x_wconf 76' lang='lat' dir='ltr'>d«</span> 
     </span>
     <span class='ocr_line' id='line_1_37' title="bbox 206 2253 1333 2308; baseline -0.004 -19"><span class='ocrx_word' id='word_1_281' title='bbox 206 2271 266 2289; x_wconf 76' lang='lat' dir='ltr'>suo</span> <span class='ocrx_word' id='word_1_282' title='bbox 285 2256 406 2308; x_wconf 42' lang='lat' dir='ltr'>iit-{lecit</span> <span class='ocrx_word' id='word_1_283' title='bbox 426 2256 639 2295; x_wconf 77' lang='lat' dir='ltr'>Rufl1ms‚in</span> <span class='ocrx_word' id='word_1_284' title='bbox 659 2256 814 2288; x_wconf 78' lang='lat' dir='ltr'>omnibus</span> <span class='ocrx_word' id='word_1_285' title='bbox 831 2256 995 2288; x_wconf 71' lang='lat' dir='ltr'>habentur</span> <span class='ocrx_word' id='word_1_286' title='bbox 1016 2257 1107 2293; x_wconf 67' lang='lat' dir='ltr'>Mss„</span> <span class='ocrx_word' id='word_1_287' title='bbox 1131 2255 1188 2287; x_wconf 81' lang='lat' dir='ltr'>sed</span> <span class='ocrx_word' id='word_1_288' title='bbox 1215 2253 1333 2286; x_wconf 71' lang='lat' dir='ltr'>omiss·</span> 
     </span>
     <span class='ocr_line' id='line_1_38' title="bbox 208 2300 968 2344; baseline -0.001 -9.975"><span class='ocrx_word' id='word_1_289' title='bbox 208 2312 284 2334; x_wconf 68' lang='lat' dir='ltr'>suut</span> <span class='ocrx_word' id='word_1_290' title='bbox 309 2301 341 2333; x_wconf 85' lang='lat' dir='ltr'>in</span> <span class='ocrx_word' id='word_1_291' title='bbox 368 2310 461 2333; x_wconf 76' lang='lat' dir='ltr'>amca</span> <span class='ocrx_word' id='word_1_292' title='bbox 488 2300 584 2332; x_wconf 84' lang='lat' dir='ltr'>editis</span> <span class='ocrx_word' id='word_1_293' title='bbox 610 2304 655 2344; x_wconf 87' lang='lat' dir='ltr'>(v.</span> <span class='ocrx_word' id='word_1_294' title='bbox 684 2314 708 2333; x_wconf 91' lang='lat' dir='ltr'>c.</span> <span class='ocrx_word' id='word_1_295' title='bbox 737 2302 812 2333; x_wconf 83' lang='lat' dir='ltr'>edtl</span> <span class='ocrx_word' id='word_1_296' title='bbox 838 2302 904 2344; x_wconf 85' lang='lat' dir='ltr'>M.)</span> <span class='ocrx_word' id='word_1_297' title='bbox 932 2302 968 2333; x_wconf 79' lang='lat' dir='ltr'><strong>R</strong></span> 
     </span>
    </p>
   </div>
  </div>
 </body>
</html>
