1404 2463
376 120 424 143 m:
448 110 645 143 Pmucmus
669 109 783 143 Lmen
809 109 865 143 lV.
1134 111 1202 149 433

74 212 143 233 esse
167 199 201 231 in
227 199 371 244 epistola
396 200 438 232 ad
455 199 645 238 Romanos,-
664 197 724 230 ubi
747 198 789 231 de
807 198 1003 240 Regnorum
1028 200 1116 234 libro
1140 211 1207 235 ter-

71 260 121 294 tio
153 260 252 305 ponit
283 260 461 305 apostolus
486 259 696 303 exemplum,
721 257 853 291 dicens:
892 259 1098 306 „Reliqui¹)
1123 263 1206 297 mihi

69 331 199 366 septem
231 321 340 353 millia
373 321 541 361 virorum,
577 319 635 364 qui
658 332 727 351 non
754 330 975 354 curvaverunt
997 335 1103 364 genua
1127 334 1204 357 :unte

68 383 186 416 Baal.“
237 382 343 425 Quod
369 382 492 415 Paulus
527 379 659 425 accepit
682 381 776 413 velut
798 380 983 424 figuraliter
1007 383 1135 417 dictum
1159 385 1202 418 de

67 443 135 483 his,
166 442 223 487 qui
254 443 439 475 secundum
472 443 672 475 electionem
699 442 871 475 Israelitae
902 444 1014 477 vocati
1036 455 1129 486 sunt,
1164 455 1202 479 ut

68 505 262 536 ostenderet
291 516 358 536 non
391 504 502 536 solum
540 517 627 536 nunc
639 505 674 547 ²)
705 503 858 545 gentibus
888 505 1055 548 profuisse
1077 507 1201 540 adven-

65 575 137 597 tum
166 564 309 605 Christi,
340 565 399 597 sed
433 564 703 609 quamplurimos
733 564 834 597 etiam
864 565 1040 599 Israelitici
1070 568 1200 609 generis

65 627 108 660 ad
131 626 272 659 salutem
299 634 460 664 vocatos„

157 687 210 722 14.
260 686 356 730 Quae
382 698 458 717 cum
484 686 530 718 ita
554 685 630 726 sint,
655 687 802 731 qualiter
823 687 922 721 nobis
947 687 989 720 de
1013 687 1063 720 his
1086 688 1197 731 singu-

13 752 16 761 ’
65 749 106 782 lis
142 747 362 790 intelligenda
398 747 440 779 sit
472 748 646 792 Scriptura
685 747 816 789 divina,
856 747 951 780 velut
987 750 1132 794 exempli
1163 760 1198 784 et

65 810 195 842 formae
220 808 341 851 gratia,
372 821 457 853 quae
481 809 580 841 nobis
604 819 781 840 occurrere
803 817 985 852 poterunt,
1015 810 1115 855 (172)
1140 812 1198 844 ad—

62 870 306 910 umbrabimus,
329 870 413 902 illud
439 870 551 914 primo
576 877 767 913 repetentes
793 878 826 901 et
842 870 1066 911 ostendentes,
1091 885 1200 917 quon..

2 930 10 933 “
61 931 129 964 iam
141 931 175 975 ³)
201 930 348 975 Spiritus
371 940 525 972 sanctus,
549 929 765 974 providentia
789 939 822 962 et
847 929 1020 963 voluntate
1043 931 1112 964 Dei
1135 946 1197 976 per

62 992 219 1024 virtutem
253 990 417 1033 unigeniti
441 991 533 1024 verbi
558 991 646 1037 ejus,
676 990 734 1034 qui
760 999 830 1023 erat
854 990 887 1022 in
910 990 1081 1036 principio
1105 995 1196 1038 apud

60 1053 172 1085 Deum
204 1053 318 1091 Deus,
357 1052 527 1085 ministros
564 1051 710 1084 veritatis
739 1051 922 1095 prophetas
955 1061 989 1084 et
1020 1054 1196 1097 apostolos

59 1113 275 1146 illuminabat
305 1114 349 1145 ad
378 1114 610 1155 cognoscenda
640 1112 798 1159 mysteria
828 1124 942 1145 earum
972 1125 1104 1155 rerum,
1138 1116 1194 1148 vel

62 1188 254 1215 causarum,
288 1187 372 1219 quae
397 1174 485 1207 inter
508 1174 678 1213 homines,
711 1173 764 1205 vel
790 1174 832 1205 de
855 1173 1048 1207 hominibus
1071 1187 1194 1217 gerun-

58 1247 123 1270 tur.
171 1236 336 1269 Homines
374 1245 486 1268 autem
527 1249 616 1268 nunc
653 1222 731 1267 dico
761 1233 887 1267 animas
922 1236 958 1268 in
992 1236 1194 1280 corporibus

59 1298 203 1343 positas,
246 1309 331 1342 quae
363 1296 424 1329 illa
453 1297 609 1343 mysteria
640 1296 773 1338 cognita
803 1295 869 1328 sibi
899 1305 933 1328 et
961 1297 1109 1330 revelata
1130 1311 1193 1343 per

60 1359 244 1400 Christum,
269 1359 362 1392 velut
386 1358 530 1391 humana
554 1359 718 1403 quaedam
743 1366 834 1399 gesta
855 1366 1038 1398 narrantes,
1067 1359 1121 1392 vel
1144 1359 1194 1392 le·

59 1421 149 1463 gales
173 1421 334 1465 quasdam
359 1419 604 1459 observantias,
640 1427 888 1463 praeceptaque
911 1419 1080 1452 tradentes
1104 1419 1190 1462 figu-

57 1482 173 1515 raliter
203 1481 456 1517 describebant:
487 1490 526 1513 ut
553 1493 623 1513 non
648 1478 705 1524 qui
727 1478 809 1510 velit
831 1479 914 1511 haec
938 1479 1031 1512 velut
1053 1481 1193 1514 concul-

58 1544 164 1577 canda
195 1552 272 1576 ante
301 1543 406 1587 pedes
436 1543 576 1575 haberet
589 1541 623 1586 ⁴)
648 1539 816 1585 exposita,
843 1539 904 1572 sed
929 1539 989 1584 qui
1017 1552 1052 1573 se
1077 1540 1192 1586 hujus-

56 1604 200 1649 modi-¹³)
223 1604 343 1637 studiis
372 1617 449 1637 cum
482 1603 576 1637 omni
600 1600 797 1635 castimonia
822 1609 855 1633 et
880 1600 1064 1634 sobrietate
1089 1611 1122 1635 et
1144 1602 1191 1635 vi-

58 1665 145 1708 giliis
169 1666 331 1708 dedisset,
361 1676 399 1698 ut
421 1679 484 1711 per
507 1667 589 1699 haec
600 1665 633 1708 ὅ)
659 1664 748 1695 forte
773 1661 808 1694 in
831 1662 1004 1706 profundo
1029 1663 1189 1695 latentem

57 1739 190 1760 semum
214 1727 351 1772 spiritus
367 1727 447 1769 Dei,
472 1737 506 1760 et
528 1724 692 1759 sermonis
714 1723 837 1756 usitata
858 1722 1049 1757 narratione
1073 1723 1141 1757 alio
1153 1723 1188 1769 ⁷)

153 1900 185 1943 ¹)
212 1901 311 1933 Rom.
335 1900 398 1941 XI,
423 1898 454 1933 4.
479 1897 558 1931 coll.
581 1898 595 1932 1
620 1897 721 1938 Regg.
746 1895 840 1936 XIX,
866 1895 917 1930 18.

149 1955 185 2000 ²)
211 1955 297 1990 Edd.
321 1956 371 1988 M.
397 1967 508 1996 „nunc-
530 1953 565 1985 in
588 1951 774 1994 gentibus-‘⁴

149 2012 184 2055 3)
208 2011 295 2044 Edd.
322 2012 371 2045 M.
397 2009 596 2054 „quomodo
621 2006 769 2051 Spiritus
792 2014 938 2046 sanctus,
959 2004 1039 2050 qui“
1065 2014 1127 2039 etc.

148 2067 183 2111 ⁴)
208 2066 296 2099 Edd.
323 2067 370 2099 M.
397 2065 558 2107 „haberet
580 2062 723 2108 posita«

149 2123 182 2167 ⁵)
208 2123 270 2155 Ed.
297 2121 345 2154 M.
373 2122 402 2154 1.
431 2118 697 2165 „hujuscemodi.
702 2119 719 2138 ‘⁴

148 2178 183 2220 ὃ)
208 2178 294 2210 Edd.
321 2177 368 2210 M.
396 2176 515 2218 „hoc.“

149 2233 183 2278 ⁷)
207 2233 264 2266 Sic
290 2232 421 2276 optime
444 2232 524 2264 Mss.
550 2229 642 2263 Male
667 2201 750 2262 editi
773 2229 822 2273 (v.
847 2242 875 2262 c.
894 2229 971 2262 edd
988 2228 1057 2273 M.)
1082 2227 1188 2269 „alio-

53 2290 130 2310 rum
155 2277 366 2323 prospiciens
390 2285 585 2309 contectum
608 2274 828 2317 investigare“
856 2281 918 2308 etc.
942 2273 984 2307 R.

101 2346 281 2378 Omezms
309 2343 440 2378 OPERA
465 2343 681 2376 Tom XX1.
818 2342 821 2346 “
948 2340 993 2375 28
