1404 2463
389 104 433 126 DE
457 93 653 126 Pamcwfls
678 93 791 124 Lmen
818 92 874 126 111.
1140 92 1205 126 269

78 183 259 216 sericordia
295 183 463 225 indigent,
502 182 557 227 qui
590 182 693 214 semel
726 181 873 214 salvandi
908 190 982 214 sunt
1014 181 1110 225 (116)
1143 195 1204 225 per

76 254 238 284 naturam,
264 255 295 278 et
318 245 360 278 ad
383 243 624 276 beatitudinem
650 242 785 274 veniunt
804 241 1010 280 naturaliter,
1040 242 1101 274 nisi
1127 242 1202 287 qui-‘t

77 306 178 339 etiam
211 320 248 338 ex
281 306 331 338 his
366 305 569 344 ostenditur,
601 304 692 348 quod
726 304 801 348 quia
827 303 935 347 perire
962 317 1018 336 eos
1043 304 1202 348 possibiie

76 378 156 407 erat,
182 369 308 400 idcirco
334 366 596 400 misericordiam
624 375 883 409 consequuntur,
908 375 943 397 ut
968 378 1029 409 per
1052 365 1116 397 hoc
1134 379 1201 397 non

76 439 231 474 pereant,
261 429 319 461 sed
345 427 475 459 veniant
499 429 540 459 ad
565 427 724 467 salutem,
757 436 789 459 et
813 427 947 470 piorum
973 440 1072 469 regna
1095 426 1203 471 possi-

76 490 199 524 deant?
235 490 278 522 Et
311 489 390 521 haec
416 488 550 533 quidem
576 488 664 520 dicta
688 488 754 520 sint
778 489 930 520 adversus
957 502 1031 529 eos,
1066 488 1121 532 qui
1145 502 1202 520 na-

74 562 163 585 turas
193 554 313 590 bonas,
350 551 402 582 vel
435 550 553 589 malas,
593 550 626 581 id
657 559 705 582 est
737 560 897 589 terrenas,
935 549 986 581 vel
1010 549 1200 593 spirituales

77 612 312 647 commentitiis
328 613 358 654 ¹)
383 611 506 643 fabulis
530 611 758 652 introducunt,
785 624 822 643 cx
847 611 967 656 quibus
986 611 1058 642 fieri
1077 611 1200 650 dicunt,

75 685 114 708 ut
137 674 189 707 vel
213 674 359 706 salvetur
382 672 620 717 unusquisque,
646 674 698 705 vel
723 682 847 717 pereat.

163 736 194 769 9.
229 735 326 766 Nunc
351 746 429 765 vero
454 734 728 778 respondendum
747 743 795 766 est
812 734 912 766 etiam
931 734 990 774 his,
1015 734 1197 778 quiDeum

73 797 153 838 legis
178 795 301 842 justum
326 796 560 828 tantummodo
584 796 712 835 volunt,
737 809 805 828 non
830 795 928 828 etiam
954 797 1091 836 bonum,
1117 809 1201 840 quo-

71 859 177 891 modo
203 865 322 902 putent
345 870 361 889 a
380 857 455 889 Deo
481 856 629 889 indurari
656 871 713 889 cor
732 857 924 896 Pharaonis,
950 857 1030 901 quid
1047 857 1199 897 faciente,

72 920 126 952 vel
159 919 238 964 quid
262 918 514 963 prospiciente?
547 919 783 951 Observandus
817 928 864 951 est
888 918 977 951 enim
1002 928 1199 963 prospectus

75 990 108 1014 et
130 980 269 1013 intuitus
293 980 379 1019 Dei,
411 981 594 1012 secundum
619 993 680 1012 nos
706 980 841 1024 quidem
866 979 943 1024 justi
968 989 1002 1012 et
1024 980 1125 1021 boni,
1149 993 1199 1012 se-

72 1043 219 1075 cundum
244 1041 334 1085 ipsos
366 1054 445 1073 vero
471 1040 549 1086 justi
574 1042 820 1075 tantummodo.
868 1042 912 1073 Et
940 1042 1115 1073 ostendant
1138 1054 1198 1073 no-

70 1104 120 1136 bis
146 1104 319 1147 quomodo
345 1103 455 1143 Deus,
481 1116 579 1147 quein
607 1104 721 1148 utique
748 1112 779 1135 et
804 1103 866 1147 ipsi
893 1103 1016 1147 justum
1040 1104 1196 1142 fatentur,

70 1166 156 1211 juste
180 1165 280 1197 saciat
305 1177 364 1196 cor
387 1165 531 1197 hominis
556 1165 718 1205 indurari,
741 1175 791 1202 *ut
823 1178 860 1197 ex
890 1165 959 1209 ipsa
985 1164 1196 1196 induratione

72 1235 190 1271 peccet
214 1235 246 1258 et
271 1235 396 1270 pereat.
438 1227 481 1259 Et
507 1228 680 1272 quomodo
706 1227 739 1258 in
764 1227 827 1258 hoc
844 1225 909 1258 Dei
934 1225 1055 1270 justitia
1082 1226 1196 1257 defeu-

71 1290 187 1327 detur,
219 1288 247 1320 si
272 1287 342 1331 ipse
367 1288 406 1320 iis
431 1301 526 1321 causa
549 1288 748 1333 perditionis
774 1288 915 1328 exsistit,
947 1299 1030 1331 quos
1054 1300 1117 1330 pro
1144 1300 1197 1327 eo,

70 1349 162 1394 quod
193 1349 315 1381 duritie
339 1348 503 1382 increduli
529 1350 730 1387 exstiterint,
769 1349 840 1392 ipse
865 1349 1083 1393 postmodum
1109 1348 1195 1392 judi-

72 1411 118 1444 cis
143 1410 341 1442 auctoritate
366 1412 555 1444 damnavit?
581 1411 673 1454 Quid
699 1413 796 1443 etiam
816 1411 929 1454 culpat
950 1423 1036 1449 eum,
1063 1408 1193 1442 dicens:

73 1473 147 1514 „Tu
160 1473 191 1516 ²)
241 1481 350 1504 autem
399 1473 558 1518 quoniam
605 1486 672 1505 non
720 1473 766 1504 vis
814 1472 981 1504 dimittere
1027 1472 1194 1515 populum

70 1532 250 1578 meum‚³)
290 1547 366 1566 ecce
404 1534 588 1579 percutiam
621 1534 733 1566 omnia
767 1533 933 1578 primitiva
963 1533 996 1565 in
1030 1535 1195 1579 Aegypto,

73 1596 171 1628 etiam
197 1595 405 1640 primitivum
429 1600 557 1635 tuum,“
585 1605 616 1628 et
642 1608 860 1640 quaecunque
885 1594 948 1627 alia
972 1595 1093 1638 scripta
1118 1603 1194 1626 sunt

72 1670 133 1701 per
156 1658 276 1689 Mosen
302 1657 389 1690 dicta
414 1670 482 1690 esse
507 1670 523 1690 a
548 1657 624 1689 Deo
648 1658 689 1689 ad
713 1655 946 1689 Pharaonem?
980 1657 1119 1688 Necesse
1146 1665 1194 1687 est

75 1717 163 1749 enim
175 1717 208 1761 ⁴²)
239 1731 390 1758 omnem,
423 1720 480 1763 qui
511 1731 587 1751 vera
618 1719 734 1751 asserit
757 1731 811 1757 ea,
847 1730 929 1762 quae
954 1717 987 1749 iu
1011 1717 1194 1761 Scripturis

74 1779 280 1818 referuntur,
313 1789 346 1811 et
378 1781 552 1812 ostendere
586 1779 655 1811 vult
679 1778 802 1824 justum
827 1791 896 1811 esse
920 1779 1031 1810 Deum
1057 1778 1136 1821 legis
1161 1788 1193 1811 et

72 1840 329 1883 prophetarum,
354 1853 416 1885 pro
440 1841 489 1874 his
515 1841 669 1873 omnibus
692 1840 876 1885 reddere⁵)
902 1840 1082 1879 rationem,
1107 1853 1192 1885 quo-

168 1957 198 1999 ¹)
223 1957 279 1990 Sic
304 1958 382 1990 Mss.
408 1957 501 1990 Libri
535 1959 615 1991 editi
651 1960 697 2003 (v,
723 1973 749 1993 c.
776 1959 851 1992 edd.
876 1959 938 2002 M.)
967 1958 1190 2000 „commotio-

72 2014 130 2034 nes
155 2002 298 2034 fabulis“
326 2012 386 2034 etc.
413 2003 450 2035 R.

164 2058 196 2101 ²)
223 2058 292 2090 Cfr.
318 2058 422 2090 Exod.
450 2058 507 2097 lX,
535 2059 585 2092 17.
611 2060 689 2093 coll.
713 2060 791 2099 ΧΗ,
819 2060 867 2094 12.
893 2069 925 2092 ct
947 2060 1007 2100 XI,
1033 2060 1062 2094 5.

164 2114 197 2156 3)
222 2114 326 2145 Deest
351 2114 382 2145 in
409 2113 499 2145 libris
526 2114 621 2147 editis
647 2117 692 2160 (v,
717 2128 742 2147 c.
769 2116 844 2148 edd.
870 2117 944 2160 M),
969 2116 1025 2148 scd
1053 2116 1190 2147 habetur

72 2158 104 2190 in
130 2159 208 2191 Mss.
235 2163 407 2204 „meumff
429 2160 466 2191 R.

163 2215 196 2258 ⁴²)
221 2215 307 2248 Edd.
333 2215 380 2248 M.
408 2214 515 2255 „enim
542 2217 634 2259 quod
660 2216 766 2249 omnis
792 2216 868 2261 qui“
895 2225 958 2250 etc.

165 2272 198 2313 ⁵)
221 2271 284 2303 Ed.
311 2271 356 2303 M.
386 2272 424 2303 ΙΙ.
454 2272 625 2311 „redd-nst*
