1404 2463
132 119 201 155 498
603 126 648 149 Ex
674 115 853 149 Ossmssms

136 210 154 252 ἡ
191 207 289 253 ψυχὴ
322 206 446 243 αὐτῶν
479 205 825 249 ἀνειδωλοποίησεν.
870 203 974 238 Ἀλλά
1006 203 1130 250 μῆν’)
1155 207 1218 240 καὶ
1241 208 1276 242 οἱ

137 269 382 318 ἀκεραιότεροι
409 270 483 303 τῶν
509 265 584 302 ἀπὸ
607 269 669 311 τῆς
691 268 882 311 ἐκκλησίας
904 264 1122 312 αὐχούντων
1137 266 1279 313 τυγχά-

137 347 226 377 νειν,
237 335 299 368 τοῦ
314 331 384 377 μὲν
398 331 626 375 δημιουργοῦ
642 332 794 376 μείζονα
811 328 947 364 οὐδένα
968 327 1228 374 ὑπειλήφασιν,
1240 329 1277 374 ²)

136 395 251 441 ὑγιῶς
290 395 399 428 τοῦτο
446 394 654 430 ποιοῦντες·
703 392 852 426 τοιαῦτα
892 390 934 425 δὲ
972 388 1279 435 ὑπολαμβάνουσι

136 459 221 501 περὶ
246 455 371 498 αὐτοῦ,
398 452 509 488 ὁποῖα
535 453 620 488 οὐδὲ
645 457 729 498 περὶ
753 455 817 488 τοῦ
842 451 1034 498 ῶμοτάτου
1052 456 1114 488 καὶ
1139 453 1278 489 ἀδικωε-

136 518 246 554 τάτου
271 515 485 562 ἀνθρώπου.

225 579 258 615 9.
306 582 416 613 Λίτία
453 578 494 613 δὲ
528 578 624 612 πᾶσι
663 580 739 616 τοῖς
771 579 1051 623 προειρημένοις
1087 576 1278 620 ψευδοδο-

136 643 269 685 ξιῶνῧ)
300 643 362 675 καὶ
395 639 590 683 ἀσεβειῶν,
624 636 645 681 ἢ
677 640 872 673 ἰδιωτικῶν
905 641 990 685 περὶ
1021 640 1110 674 θεοῦ
1141 635 1276 684 λόγων,

137 704 204 740 οὐκ
235 701 324 747 ι’ἱλλη
350 717 402 742 τις
425 698 519 737 εἶναι
544 702 649 736 δοκεῖ
671 698 691 743 ἢ
718 699 736 743 ἦ
765 699 893 747 γραφὴ
919 699 1010 735 κατὰ
1035 699 1079 734 τιὶ
1106 712 1277 746 πνευμα-

134 764 216 801 τικοὶ
248 763 298 810 μὴ
313 765 347 808 ⁴)
379 767 602 808 νενοημένη,
645 762 718 796 ἀλλ’
756 761 804 802 ῶς
836 761 935 808 πρὸς
957 761 997 797 τὸ
1030 761 1130 806 (166)
1165 760 1279 805 ψιλὸν

133 826 292 874 γράμμα
317 827 566 871 ἓξειλημμένη.
606 822 748 869 Διόπερ
772 828 846 862 τοῖς
868 827 1108 869 πειθομένοις
1129 822 1181 869 μὴ
1207 822 1278 858 ἆν-

132 887 297 934 θρώπων
321 884 414 922 εἶναι,
440 885 714 932 συγγράμματα
738 885 802 924 τὰς
824 884 924 931 ἱερὰς
946 887 1113 930 βίβλους,
1136 884 1213 919 ἀλλ’
1239 886 1278 926 ἐξ

133 952 327 988 ἐπιπνοίας
362 949 426 983 τοῦ
458 946 572 993 ἁγίου
603 945 832 991 πνεύματος,
871 946 1074 992 βουλήματι
1109 948 1174 982 τοῦ
1199 960 1276 982 πα-

133 1010 216 1057 τρὸς
240 1014 314 1046 τῶν
339 1008 435 1045 ὅλων
460 1009 521 1044 διὰ
544 1008 662 1052 Ἰησοῦ
691 1011 874 1053 Χριστοῦ,
907 1007 1039 1048 ταύτας
1063 1007 1277 1054 ἀναγεγρά-

133 1078 250 1120 φθαι,
284 1073 347 1106 καὶ
371 1074 419 1110 εἷς
444 1070 542 1115 ἡμᾶς
565 1071 799 1115 ἐληλυθέναι,
825 1071 888 1110 τὰς
912 1074 1143 1117 φαινομένας
1165 1069 1276 1118 ὁδοὺς

130 1134 387 1176 ὑποδεικτέον,
428 1132 618 1178 ἐχομένοις
647 1136 710 1168 τοῦ
745 1132 902 1172 κανόνος
937 1135 999 1176 τῆς
1027 1134 1143 1177 Ἰησοῦ
1178 1136 1274 1178 Χρι-

131 1198 218 1231 στοῦ
253 1195 345 1230 κατὰ
379 1193 562 1239 διαδοχὴν
593 1198 666 1229 τῶν
700 1194 918 1230 ἀποστόλων
942 1195 1118 1241 οὐρανίου
1143 1195 1274 1239 ἔκκλη-

131 1261 220 1296 σίας.
267 1259 342 1290 Καὶ
368 1254 421 1291 ὅτι
445 1257 516 1300 μὲν
541 1259 748 1302 οἰκονομίαι
776 1259 849 1292 εἰσί
869 1270 961 1297 τινες
983 1259 1178 1302 μυστικαὶ,
1204 1258 1273 1302 δη-

128 1318 303 1364 λούμεναι
328 1317 390 1353 διὰ
415 1320 488 1352 τῶν
511 1322 625 1353 θείων
649 1321 827 1365 γραφῶν,
859 1319 994 1359 πάντες
1025 1322 1087 1354 καὶ
1119 1320 1155 1355 οἱ
1184 1318 1274 1355 ἀκε-

129 1379 310 1424 ραιότατοι
338 1381 411 1414 τῶν
435 1381 484 1424 τῷ
502 1378 601 1424 λόγῳ
617 1380 850 1426 προσιόντων
867 1380 1129 1417 πεπιστεύκασι
1143 1392 1152 1401 ·
1177 1385 1273 1420 τίνες

128 1442 169 1476 δὲ
202 1434 328 1484 αὗται,
372 1442 406 1475 οἱ
438 1440 668 1486 εὐγνώμονες
700 1445 761 1476 καὶ
793 1440 929 1488 ἰέτυφοι
961 1442 1187 1488 ὁμολογοῦσι
1218 1441 1270 1489 μῆ

128 1503 274 1539 εἷδέναι.
323 1505 370 1536 Εἰ
401 1504 495 1547 γοῦν
526 1502 802 1549 ἕπαπορήσαι5)
829 1517 880 1543 τις
903 1507 987 1549 περὶ
1010 1507 1072 1547 τῆς
1094 1507 1158 1539 τοῦ
1181 1503 1270 1539 Λώτ

126 1566 436 1610 θυγατρομιξίας,
472 1567 531 1598 καὶ
559 1567 631 1598 τῶν
655 1564 721 1600 δύο
735 1565 770 1609 6)
795 1568 983 1610 γυναικῶν
1005 1568 1070 1601 τοῦ
1092 1566 1270 1614 Ἀβραὰμ,

127 1625 244 1670 δύο7)
270 1638 305 1660 τε
331 1626 507 1671 ἀδελφῶν
529 1629 803 1672 γεγαμημένων
828 1629 876 1672 τῷ
899 1626 1039 1671 ’[ακῶβ,
1065 1629 1127 1662 καὶ
1151 1626 1218 1662 δύο
1232 1627 1267 1672 ⁸)

123 1688 333 1722 παιδισκῶν
356 1690 624 1723 τετεκνωκυιῶν
648 1689 687 1728 ἐξ
712 1687 844 1732 αὐτοῦ,
873 1688 982 1724 οὐδὲν
1007 1680 1095 1724 τ’ἱλλο
1121 1687 1268 1735 φήσου-

123 1761 184 1784 σιν
217 1747 239 1793 ἢ
263 1747 446 1795 μυστήρια
471 1752 584 1785 ταῦτα
608 1749 822 1795 τυγχάνειν,
855 1748 921 1796 ὑφ’
948 1749 1055 1797 ἡμῶν
1077 1749 1129 1797 μὴ
1155 1748 1268 1788 νοού-

218 1911 251 1956 1)
279 1911 336 1945 Sic
354 1911 468 1945 Tarin.
487 1922 521 1945 et
537 1913 738 1958 Spencerus.
757 1912 846 1946 Edd.
863 1911 970 1945 Ruaei
987 1921 1020 1944 et
1037 1912 1167 1957 Redep.
1183 1915 1263 1957 μέν.

215 1968 250 2011 ²)
273 1967 337 1999 Ed.
362 1968 493 2013 Redep.
522 1967 762 2015 ὑπειλήφασι,
791 1967 902 2014 ιῖγιῶς
927 1971 1000 2002 κτλ.

213 2023 248 2066 ³)
272 2023 408 2056 Primus
436 2025 522 2059 Cod.
549 2025 629 2067 Reg.
658 2024 900 2069 ψευδολόγων
924 2026 985 2058 καὶ
1011 2023 1165 2069 ἀσεβῶν.
1191 2025 1232 2057 R.

213 2078 248 2121 ⁴²)
275 2079 345 2112 Cfr.
373 2081 426 2113 ed.
452 2081 584 2126 Redep.
610 2093 683 2125 pag.
709 2081 763 2115 55.
787 2089 861 2113 not.
885 2080 939 2115 21.

213 2135 246 2177 ⁵)
272 2135 406 2168 Primus
442 2136 528 2170 Cod.
562 2138 643 2179 Reg.
670 2135 908 2182 ἐπαπορήσει.
934 2137 975 2169 R.
1001 2155 1044 2161 —
1078 2135 1150 2170 Cfr.
1174 2134 1260 2168 Gen-

116 2189 213 2228 XIX,
239 2188 293 2223 36.
319 2191 398 2224 coll.
425 2193 476 2226 ed.
502 2194 632 2238 Redcp.
657 2205 732 2237 pag.
758 2191 812 2226 56.
838 2201 912 2226 not.
941 2191 992 2226 14.

207 2245 242 2288 ⁶)
268 2245 340 2278 Cfr.
366 2247 454 2281 Gen.
479 2249 571 2282 XVI.
681 2247 714 2292 ⁷)
740 2248 810 2283 Cfr.
837 2248 922 2282 Gen.
947 2248 1077 2281 XXIX.

204 2301 336 2344 ⁸).Cfr.
362 2301 449 2336 Gen.
474 2303 588 2335 XXX.
