1404 2463
166 101 209 136 72
637 103 813 137 Omoems

168 190 201 223 in
225 190 367 224 Daniele
399 191 538 226 dicitur:
571 192 784 238 „Spiritus¹)
816 200 962 230 sanctus,
994 190 1051 236 qui
1082 200 1130 224 est
1159 191 1194 224 in
1225 195 1290 226 te.“

171 253 207 285 ln
231 265 320 285 novo
346 266 426 286 vero
446 255 661 288 Testamento
680 252 969 297 abundantibus2)
994 251 1194 286 testimoniis
1212 253 1293 286 edo-

169 326 300 354 cemur,
331 327 406 347 cum
432 315 577 361 Spiritus
607 325 736 348 sanctus
767 328 867 360 super
892 313 1060 348 Christum
1084 315 1294 348 descendisse

169 374 378 416 describitur,
403 385 435 409 et
459 390 535 410 cum
559 377 630 422 ipse
657 377 822 410 Dominus
856 375 1038 409 insufflavit
1062 375 1095 409 in
1119 377 1294 421 apostotos

168 445 247 481 post
269 438 569 479 resurrectionem,
599 438 728 471 dicens:
767 437 989 482 „Accipite³)
1018 437 1182 482 Spiritum
1214 438 1294 483 (61)

168 502 351 531 sanctum.“
399 499 442 532 Et
465 500 506 532 ad
532 500 672 534 Mariam
697 501 737 533 ab
762 499 879 541 angelo
905 499 1044 532 dicitur:
1078 498 1245 544 „Spiritus
1258 500 1292 545 ⁴¹)

170 569 300 593 sanctus
323 561 536 606 superveniet
566 561 599 594 in
630 566 694 595 te.“
743 561 865 594 Paulus
897 573 976 593 vero
1001 560 1099 593 dicit:
1135 560 1245 604 „Quia
1259 562 1293 606 ⁵)

171 634 270 653 nemo
301 632 413 666 potest
443 623 554 656 dicere
585 624 769 657 Dominum
786 623 820 667 ⁶)
850 623 986 662 Jesum,
1017 621 1082 655 nisi
1106 622 1139 655 in
1163 622 1294 668 Spiritu

172 688 319 716 sancto.⁴‘
367 684 411 717 Et
435 685 468 717 in
493 684 630 717 Actibus
644 685 676 730 ⁷)
702 684 934 730 apostolorum
957 696 1019 728 per
1042 683 1293 728 impositionem

172 758 330 777 manuum
354 746 615 791 apostolicarum
640 747 785 792 Spiritus
809 755 941 778 sanctus
967 745 1107 777 dabatur
1129 745 1163 778 in
1187 746 1296 790 bapti-

172 820 257 840 smo.
303 808 350 840 Ex
384 808 503 852 quibus
537 807 690 840 omnibus
721 806 964 851 didicimus‚⁸)
1003 816 1111 839 tantae
1144 819 1212 840 esse
1238 821 1296 840 au-

173 868 334 901 ctoritatis
365 879 398 902 et
428 869 593 911 dignitatis
624 868 841 902 substantiam
865 867 1010 912 Spiritus
1033 868 1157 909 sancti,
1187 878 1223 901 ut
1245 882 1296 902 sa-

172 930 286 962 lutaris
306 931 339 974 9)
380 930 561 975 baptismus
599 943 666 963 non
702 930 799 963 aliter
833 930 895 963 nisi
931 929 1297 976 excellentissimum)

173 991 324 1024 omnium
348 992 522 1026 Trinitatis
553 992 767 1031 auctoritate,
797 992 831 1024 id
859 1001 906 1024 est
932 991 1055 1032 Patris,
1085 1001 1117 1024 et
1140 991 1239 1032 Filii,
1263 1002 1296 1026 et

172 1053 316 1097 Spiritus
352 1054 455 1086 sancti
492 1053 788 1097 cognominatione
820 1053 1046 1098 compleatur,
1086 1062 1118 1086 et
1148 1053 1295 1096 ingenito

171 1115 247 1147 Deo
274 1115 382 1156 Patri,
415 1125 446 1149 et
477 1115 647 1157 unigenito
673 1113 742 1160 ejus
766 1114 857 1147 Filio
882 1127 1006 1147 nomen
1031 1127 1166 1159 quoque
1189 1115 1297 1160 Spiri-

172 1186 224 1209 tus
248 1177 351 1210 sancti
376 1177 564 1221 copuletur.
612 1177 696 1220 Quis
727 1189 805 1219 ergo
830 1189 897 1208 non
923 1177 1153 1220 obstupescat,
1175 1186 1296 1221 quanta

173 1238 325 1284 majestas
350 1239 391 1271 sit
417 1230 560 1283 Spiritus
584 1239 698 1278 sancti,
724 1251 798 1270 cum
824 1251 911 1277 eum,
937 1237 995 1282 qui
1010 1237 1197 1283 dixeritfl)
1222 1252 1296 1272 vcr-

172 1300 254 1332 bum
287 1299 320 1332 in
350 1299 477 1332 Filium
508 1299 670 1339 hominis,
712 1299 824 1332 audiat
853 1312 986 1343 sperare
1017 1298 1146 1331 veniam
1177 1312 1295 1344 posse;

174 1374 250 1393 eum
276 1374 373 1400 vero,
405 1362 461 1405 qui
485 1362 517 1394 in
542 1361 704 1406 Spiritum
735 1370 884 1393 sanctum
915 1361 1212 1404 blasphemaverit,
1242 1375 1296 1394 ve·

172 1422 261 1455 niam
286 1436 354 1455 non
378 1423 498 1456 habere
531 1436 637 1468 neque
668 1421 701 1454 in
732 1422 897 1467 praesenti
932 1422 1085 1461 saeculo,
1120 1435 1228 1467 neque
1261 1423 1295 1455 in

172 1484 310 1518 futuro?

261 1546 292 1581 3.
341 1546 446 1590 Quod
464 1549 516 1590 ¹²)
547 1555 657 1579 antem
688 1559 705 1578 a
733 1546 807 1578 Deo
841 1545 993 1577 universa
1018 1553 1126 1576 creata
1148 1544 1224 1584 sint,
1241 1545 1294 1590 ¹³)

265 1657 298 1700 ¹)
323 1657 407 1690 Dan.
433 1658 488 1697 lV,
513 1658 542 1691 6.

266 1714 301 1758 ²)
326 1715 375 1746 lta
401 1715 478 1747 Mss.
506 1713 595 1746 Alias
623 1714 668 1757 (v.
684 1727 710 1745 c.
725 1713 757 1745 in
775 1713 851 1745 edd.
871 1712 935 1755 M.)
964 1711 1233 1752 „abuudantius.“
1251 1713 1291 1746 R.

264 1771 298 1813 ³)
324 1770 382 1803 Ev.
408 1771 527 1803 Joann.
552 1769 628 1808 XX,
652 1769 704 1802 22.
799 1768 833 1812 ὅ)
859 1769 937 1801 Luc.
964 1769 991 1808 l,
1013 1767 1067 1802 35.

263 1826 296 1869 ⁵)
322 1826 335 1858 I
362 1826 439 1858 Cor.
464 1825 538 1864 ΧΠ,
562 1825 593 1858 3.

262 1883 296 1924 ⁶)
320 1881 376 1914 Sic
408 1880 488 1914 Mss.
524 1881 610 1914 Alias
643 1881 687 1924 (v.
714 1893 740 1913 c.
765 1880 900 1927 intedd.
926 1880 993 1924 Μ.)
1027 1879 1214 1922 „Dominus
1238 1880 1294 1914 Je-

170 1931 254 1961 sus.“
284 1928 321 1960 R.
417 1926 449 1970 ⁷)
475 1926 542 1959 Cfr.
571 1930 640 1958 Act.
669 1926 757 1964 VU',
782 1926 833 1959 18.

262 1984 297 2028 ⁸)
321 1982 376 2016 Sic
400 1982 478 2015 Mss.
505 1982 634 2026 (itemq.
660 1981 734 2014 edd.
760 1981 826 2024 Μ.)
850 1981 959 2014 Alias:
984 1979 1181 2022 „dicimus.“
1208 1981 1248 2014 R.

263 2040 296 2083 9)
321 2039 384 2071 Ed.
409 2039 458 2071 ΊΜ.
484 2039 509 2071 l.
535 2047 734 2082 perperam:
761 2038 957 2077 „satutarcm
982 2036 1216 2081 baptismum.“

245 2096 298 2138 ¹⁰)
323 2095 380 2128 Sic
413 2094 494 2126 Mss.
527 2093 617 2125 Alias
650 2095 695 2137 (v.
722 2107 747 2125 c,
774 2093 806 2125 in
833 2094 907 2127 edd.
933 2094 998 2138 M.)
1034 2093 1291 2135 „excellentissi-

170 2155 242 2175 mac
267 2138 547 2172 omnitriuitatis.“
576 2139 613 2172 R.

244 2197 297 2240 ¹¹)
324 2196 392 2228 Csr.
418 2194 536 2229 Matth.
561 2196 638 2234 ΧΠ,
660 2195 713 2230 32.
740 2194 816 2227 coll.
843 2196 921 2228 Luc.
945 2195 1023 2233 ΧΠ,
1049 2194 1100 2230 10.

246 2253 299 2296 ¹²)
325 2252 394 2285 Csr.
420 2250 477 2286 lib.
501 2251 543 2285 ll.
571 2254 650 2295 ⁴7th
676 2251 797 2295 ἀρχῶν
822 2264 894 2294 pag,
919 2251 987 2294 (ed.
1012 2250 1132 2294 Πυθοῖ)
1158 2250 1209 2285 78.

245 2309 298 2351 ¹⁵)
323 2308 384 2341 Ed.
411 2308 457 2341 M.
485 2308 506 2340 Ι.
535 2312 660 2347 „sunt.“

1389 2356 1404 2463 *⁷2
1392 2339 1393 2345 ⁴
1390 2238 1395 2331 -·-—
1391 1375 1404 2229 Q-P—-ss———q-—Q
