1404 2463
167 103 210 139 46
649 105 823 139 Omefflxs

167 203 312 228 creatam
337 207 407 227 esse
431 194 593 240 sapientia
617 194 750 228 initium
777 195 904 228 viarum
929 194 1015 235 Dei,
1039 193 1212 226 continens
1236 192 1300 226 sci-

167 255 246 289 licet
270 257 303 289 in
326 266 432 290 semet
456 257 528 301 ipsa
551 256 724 290 universae
749 267 920 290 creaturae
945 256 999 289 vel
1021 255 1126 296 initia¹
1151 255 1206 287 vel
1229 255 1300 287 sor-

167 331 249 361 mas,
273 319 328 351 vel
353 318 491 364 species.

257 381 288 417 3.
337 380 441 424 Quali
466 390 577 414 autem
609 381 714 414 modo
747 380 973 413 intelleximus
1006 378 1205 424 sapientiam
1236 377 1300 410 ini-

166 442 251 475 tium
277 442 406 475 viarum
433 442 497 475 Dei
533 455 621 483 esse,
658 452 691 475 et
722 443 897 487 quomodo
930 451 1039 475 creata
1070 454 1140 474 esse
1165 439 1300 479 dicitur,

168 504 296 549 species
320 505 451 538 scilicet
480 504 515 537 in
547 518 581 538 se
608 514 641 537 et
664 505 757 538 initia
781 504 884 537 totius
908 505 1139 549 praeformans
1164 512 1198 535 et
1221 514 1301 534 con-

169 567 276 598 tinens
308 576 494 599 creaturae:
534 567 598 599 hoc
631 566 730 599 etiam
767 566 872 598 modo
905 567 1046 598 verbum
1079 564 1148 598 Dei
1179 562 1300 607 eam')

169 641 239 660 esse
263 627 521 670 intelligendum
546 637 612 668 est,
642 641 705 673 per
732 628 798 660 hoc
828 629 921 673 quod
952 627 1024 672 ipsa
1047 627 1167 660 ceteris
1191 624 1303 658 omni·-

168 690 241 729 bus,
265 689 300 722 id
325 699 374 722 est
396 690 568 724 universae
594 700 763 724 creaturae
785 690 1023 736 mysteriorum
1048 699 1081 723 et
1103 700 1302 722 arcanorum

169 751 355 791 rationem,
389 765 473 796 quae
502 752 619 798 utique
651 752 737 785 intra
762 752 830 785 Dei
853 752 1051 797 sapientiam
1076 750 1303 790 continentur,

170 813 316 857 aperiat:
342 821 376 845 ct
398 826 460 858 per
483 814 548 847 hoc
574 815 715 847 verbum
740 814 876 854 dicitur,
901 814 978 858 quia
1002 815 1044 846 sit
1066 823 1225 857 tanquam
1249 825 1303 844 ar-

170 887 330 908 canorum
355 875 476 909 mentis
500 876 677 920 interpres.
724 876 823 909 Unde
835 877 870 921 ²)
902 885 935 908 et
965 885 1055 908 recte
1087 875 1171 907 mihi
1195 874 1304 907 dictus

169 937 301 969 videtur
330 950 441 969 sermo
465 937 544 979 ille,
576 937 678 982 qui³)
714 938 747 971 in
779 938 918 971 Actibus
942 938 1040 971 Pauli
1070 936 1214 981 scriptus
1244 944 1304 975 est,

171 997 249 1042 quia
275 998 350 1038 „hie
375 1008 424 1031 est
448 1000 589 1031 verbum
621 999 744 1033 animal
768 1001 912 1033 vivens.“
959 1000 1106 1033 Joannes
1136 1010 1216 1030 vero
1248 1009 1303 1029 ex·

170 1059 291 1092 celsius
315 1069 348 1092 et
372 1059 574 1105 praeclarius
599 1061 633 1093 iu
658 1061 756 1094 initio
780 1062 954 1104 Evangelii
976 1061 1027 1095 sui
1048 1060 1142 1100 dicit,
1165 1058 1305 1104 propria

170 1121 369 1154 definitione
399 1122 512 1154 Deum
544 1135 614 1155 esse
646 1123 808 1157 definiens
830 1125 988 1165 verbum,
1014 1122 1146 1156 dicens:
1188 1121 1253 1163 „Et
1268 1120 1302 1165 ⁴)

169 1183 264 1216 Deus
289 1193 358 1216 erat
382 1184 543 1225 verbum,
574 1185 652 1230 et⁵)
677 1185 742 1218 hoc
767 1195 837 1219 erat
859 1185 896 1218 in
919 1185 1017 1218 initio
1041 1185 1132 1230 apud
1155 1185 1302 1217 Deum.“

172 1243 291 1287 Qui⁶)
316 1254 426 1277 autem
452 1244 585 1279 initium
610 1247 667 1279 dat
689 1249 793 1281 verbo
817 1247 905 1286 Dei.
939 1248 993 1280 vel
1017 1245 1202 1292 sapientiae
1225 1244 1305 1285 Dei,

171 1305 319 1348 intuere,
351 1319 393 1340 ne
418 1307 522 1349 magis
545 1307 580 1341 in
600 1308 711 1353 ipsum
734 1309 919 1352 ingenitum
942 1318 1071 1354 patrem
1095 1307 1306 1354 impietatem

171 1380 265 1400 suam
288 1367 398 1413 jactet,
424 1383 501 1402 cum
527 1383 603 1404 eum
622 1381 722 1414 neget
744 1385 878 1417 semper
900 1381 1031 1417 patrem
1055 1370 1167 1411 fuisse,
1192 1379 1227 1403 et
1248 1382 1305 1412 ge-

170 1428 281 1462 nuisse
307 1431 468 1472 verbum,
494 1441 528 1465 et
551 1432 705 1466 habuisse
736 1433 934 1479 sapientiam
964 1433 999 1466 in
1031 1433 1188 1466 omnibus
1212 1441 1305 1465 ante-

268 1614 300 1658 ¹)
325 1614 415 1649 Edd.
439 1616 487 1650 M.
516 1630 607 1659 „esse
632 1623 737 1654 eam.“

223 1714 231 1721 -
267 1670 309 1721 ²).
327 1670 458 1704 Desunt
491 1675 581 1719 apud
613 1676 748 1709 Januar.
778 1676 899 1708 verba:
933 1675 1052 1716 „Unde
1078 1684 1111 1708 et
1134 1684 1226 1708 recte
1249 1697 1305 1715 —‚

176 1727 253 1760 qula
277 1714 331 1747 luc
356 1726 405 1748 est
428 1719 568 1752 verbum
594 1721 718 1754 animal
742 1720 887 1755 vivens.“

267 1771 302 1815 ³)
327 1771 382 1804 De
420 1772 469 1805 his
505 1776 644 1810 Actibus
682 1777 833 1823 loquitur
864 1775 1030 1809 Eusebius
1061 1775 1116 1809 lib.
1144 1776 1199 1810 ΙΙΙ.
1231 1775 1306 1809 hist.

176 1815 390 1868 eceles..cap.
415 1817 458 1857 3.‚
483 1829 515 1851 et
538 1821 594 1854 lib.
621 1823 679 1857 111.
705 1836 776 1871 cap.
801 1822 866 1862 25„
890 1820 1087 1855 philastrius
1111 1822 1237 1855 haeres.
1251 1820 1307 1856 87.

175 1861 312 1893 Diversi
337 1871 430 1894 erant
453 1864 487 1895 hi
511 1867 615 1900 Actus
639 1869 680 1900 ab
698 1868 835 1901 Actibus
851 1866 949 1900 Pauli
963 1876 996 1899 et
1008 1866 1165 1900 Theclae.
1195 1866 1304 1899 Porro

177 1907 270 1958 qued
300 1907 335 1939 in
371 1907 537 1952 ejusmodi
576 1913 777 1959 apocryphis
813 1913 951 1945 Actibus
988 1912 1191 1951 habebatur,
1228 1912 1305 1956 quia

178 1952 254 1992 „hnc
279 1961 328 1985 est
351 1953 491 1986 verbum
516 1956 637 1990 animal
662 1959 808 1997 vivens,“
834 1957 947 1990 nullus
973 1957 1104 1997 dubito,
1129 1956 1207 2001 quia
1232 1969 1307 1989 cor-

176 2006 275 2040 rupte
301 1997 489 2031 derivatum
513 2002 555 2033 sit
579 2016 616 2034 ex
640 2003 690 2036 his
715 2004 757 2036 ad
780 2004 885 2037 Hebr.
911 2003 974 2042 lV,
1001 2001 1052 2037 12.
1079 2001 1205 2037 verbisz
1237 2004 1306 2042 ζῶν

176 2043 249 2120 Ξέέ)
271 2040 426 2122 32116γος
447 2048 514 2125 113ὁῖ
540 2049 704 2128 θεοῦῘΒ.
730 2069 770 2074 -
803 2049 872 2083 Cfr.
906 2048 959 2081 ed.
984 2047 1113 2092 Redep.
1137 2059 1212 2091 pag.
1231 2046 1304 2082 108.

240 2113 247 2120 .
318 2114 325 2120 .
348 2100 420 2132 pag.
514 2102 614 2126 .not.
662 2120 670 2128 .

271 2143 304 2187 ⁴)
329 2143 389 2175 Er.
415 2145 535 2180 Joann.
562 2148 589 2188 I,
615 2149 642 2182 1.
740 2150 772 2195 ⁵)
797 2149 904 2182 Deest
930 2151 1004 2190 „et“
1029 2147 1065 2180 in
1091 2147 1167 2180 edd.
1191 2146 1240 2180 M.

268 2199 303 2240 θ)
327 2199 465 2233 Exstant
489 2204 605 2236 verba:
638 2204 730 2248 „Qui
759 2214 869 2238 autem
895 2224 937 2230 —-
968 2201 1135 2236 nominari
1158 2205 1304 2246 potest‚“

175 2242 210 2276 in
233 2244 380 2289 Apolog.
413 2245 591 2292 Pamphili.
624 2250 693 2283 Cfr.
724 2251 815 2295 Opp.
848 2249 939 2292 Orig.
972 2249 1025 2282 ed.
1056 2249 1095 2281 R.
1121 2247 1222 2280 Tom.
1246 2247 1303 2282 IV.

177 2291 332 2334 Append.
357 2303 429 2334 pag.
454 2292 508 2327 25.
532 2294 608 2327 coll.
635 2295 687 2328 ed.
711 2305 813 2330 nostr.
839 2295 940 2329 Tom.
963 2294 1088 2328 XXIV.
1113 2305 1189 2338 pag.
1206 2292 1282 2328 331.
