1404 2463
0 2432 6 2463 a·

376 107 420 130 DE
447 96 642 131 Pam-emus
668 97 776 129 Lmen
802 96 841 129 lt.
1109 96 1172 131 193

57 195 125 226 ret,
157 194 189 218 et
214 186 311 230 quod.
329 185 361 218 in
385 185 521 219 arbitrio
547 194 615 217 erat
639 184 803 229 positum,
836 183 926 226 longi
950 197 1025 217 usus
1049 185 1169 217 affectu

57 247 121 292 jam
156 260 285 280 versum
318 248 359 280 sit
391 248 424 280 in
456 256 622 279 naturam:
660 245 748 289 itn¹)
781 255 812 277 et
847 245 946 277 fuisse
980 245 1111 288 quidem
1137 245 1168 277 in

60 308 193 341 Christo
226 310 365 342 humana
402 319 434 341 et
464 307 666 341 rationabilis
704 307 808 339 anima
841 306 1003 338 credenda
1038 315 1101 346 est,
1137 320 1169 339 es

55 370 184 402 nullum
217 384 347 403 sensum
379 369 430 401 vel
462 367 715 413 possibilitatem
742 381 812 400 enm
836 367 1018 411 putandum
1043 377 1090 399 est
1114 368 1168 400 ha-

53 431 161 464 buisse
187 431 326 476 peccati.

141 492 171 527 6.
217 493 270 526 Ad
303 491 488 536 pleniorem
520 499 629 522 tamen
659 490 707 522 rei
739 489 1001 534 explanationem
1028 503 1094 522 non
1121 490 1167 522 vi-

54 554 151 586 detur
173 553 370 593 absurdum,
398 552 424 585 si
449 551 548 584 etiam
571 551 788 583 similitudine
812 551 920 595 aliqua
944 560 1090 590 utamur,
1127 551 1166 584 li-

53 624 105 647 cet
135 615 167 647 in
199 627 234 647 re
263 623 329 647 tam
361 614 478 657 ardua,
508 622 641 657 tamque
667 613 813 651 difficili,
843 625 884 645 ne
909 612 1067 656 exemplis
1094 612 1166 657 qui-

54 676 130 708 dem
163 675 213 708 uti
244 675 430 707 commodis
461 674 557 718 copia
594 683 651 707 est.
698 674 825 706 Tamen
848 683 884 706 ut
907 674 1028 718 absque
1051 673 1163 718 aliquo

50 735 255 781 praejudicio
281 735 444 774 dicamus,
481 735 557 767 ferri
583 734 755 767 metallum
783 748 880 779 capax
905 743 953 766 est
977 734 1107 775 frigoris
1131 744 1163 767 et

51 797 178 830 caloris.
225 797 261 830 Si
291 809 367 839 ergo
400 810 502 829 massa
537 796 646 841 aliqua
678 796 754 828 serri
788 808 919 840 semper
948 795 981 828 in
1012 795 1085 837 igne
1121 796 1162 828 sit

49 857 169 902 posita,
193 859 346 890 omnibus
371 858 436 890 suis
461 858 562 902 poris,
590 857 808 902 omnibusque
835 857 922 889 venis
948 857 1055 898 ignem
1080 857 1162 889 reci-

49 919 161 963 piens,
196 928 230 951 et
261 928 330 951 tota
362 919 443 961 ignis
476 920 613 958 effecta,
646 919 672 951 si
696 931 803 963 neque
828 918 908 959 ignis
932 919 972 950 ab
998 931 1033 950 ea
1059 928 1161 951 cesset

49 980 246 1025 aliquando,
270 993 376 1025 neque
401 980 469 1024 ipsa
493 981 533 1012 ab
558 980 630 1022 igne
654 989 843 1023 separetur,
877 979 1160 1024 numquidnam'2)

49 1040 197 1073 dicemus
226 1042 324 1082 hanc,
356 1055 438 1085 quae
470 1051 582 1074 natura
615 1040 748 1085 quidem
783 1040 859 1072 ferri
893 1054 995 1073 massa
1026 1050 1089 1080 est,
1128 1042 1160 1073 in

49 1102 123 1143 igne
157 1102 298 1146 positam
331 1112 362 1135 et
392 1103 615 1135 indesinenter
644 1102 813 1133 ardentem
845 1115 939 1146 posse
970 1101 1071 1143 frigus
1102 1102 1160 1134 aii-

52 1163 183 1206 quando
209 1163 382 1208 recipere?
408 1163 497 1207 Quin
523 1163 602 1202 imo,
628 1163 718 1207 quod
744 1163 848 1195 verius
873 1173 931 1203 est,
955 1164 1054 1206 magis
1079 1177 1160 1204 eam,

49 1223 134 1256 sicut
167 1224 198 1256 in
224 1224 411 1257 fornacibus
434 1237 531 1268 saepe
555 1224 626 1256 fieri
650 1214 755 1256 oculis
779 1225 1073 1268 deprehendimus,
1106 1235 1158 1258 to-

49 1294 116 1317 tam
148 1285 256 1327 ignem
289 1286 442 1318 effectam
474 1285 629 1324 dicimus,
666 1284 822 1329 quoniam
853 1299 914 1318 nec
948 1286 1038 1319 aliud
1063 1286 1096 1319 in
1123 1300 1159 1319 ea

7 1383 8 1386 Ἴ
48 1345 109 1378 nisi
142 1346 224 1388 ignis
255 1347 414 1392 cernitur:
449 1348 507 1379 sed
538 1356 570 1379 et
599 1346 625 1378 si
651 1346 752 1390 qui³³)
778 1347 967 1388 contingere
991 1357 1088 1392 atque
1112 1357 1158 1380 at-

0 1422 3 1439 :
49 1416 189 1439 trectare
203 1407 236 1451 ⁴)
269 1408 461 1448 tentaverit,
495 1421 564 1440 non
594 1408 690 1446 ferri,
724 1407 781 1440 sed
818 1407 898 1449 ignis
932 1408 998 1440 vim
1028 1408 1157 1441 sentiet.

50 1469 125 1501 Hoc
157 1481 235 1510 ergo
267 1470 371 1501 modo
397 1469 495 1502 etiam
521 1470 576 1502 illa
601 1469 724 1508 anima,
756 1481 838 1513 quae
862 1469 953 1513 quasi
977 1471 1101 1502 ferrum
1125 1470 1158 1503 in

48 1529 139 1571 igne,
170 1529 216 1562 sic
247 1542 379 1574 semper
401 1530 434 1562 in
460 1531 580 1569 verbo,
611 1543 742 1574 semper
764 1529 796 1562 in
819 1530 991 1573 sapientia,
1027 1544 1159 1576 semper

49 1589 82 1622 in
99 1591 175 1622 Deo
199 1591 305 1634 posita
331 1601 388 1631 est,
414 1605 512 1623 omne
537 1593 627 1636 quod
651 1593 725 1634 agit,
750 1591 839 1635 quod
863 1591 970 1630 sentit,
995 1593 1084 1636 quod
1109 1592 1157 1624 in—

49 1651 184 1693 telligit,
220 1652 312 1685 Deus
335 1663 398 1686 est:
429 1663 460 1685 et
486 1653 562 1685 ideo
593 1666 655 1686 nec
680 1652 904 1685 convertibilis
928 1653 1029 1696 aut⁵)
1054 1663 1157 1686 muta—

49 1712 126 1744 bilis
157 1712 223 1745 dici
254 1723 381 1756 potest,
417 1727 499 1759 quae
533 1714 882 1747 inconvertibilitatem
915 1726 951 1746 ex
977 1715 1068 1746 verbi
1094 1716 1157 1747 Dei

50 1773 174 1805 unitate
204 1773 425 1807 indesinenter
456 1775 557 1816 ignita
586 1775 743 1820 possedit.
791 1775 888 1818 Ad5)
920 1788 1034 1807 omnes
1067 1776 1157 1808 deni-

147 1929 177 1970 Ι)
202 1929 258 1962 Sic
282 1929 354 1962 Mss.
379 1930 469 1962 Libri
495 1930 573 1963 editi
601 1931 646 1975 (v.
672 1944 698 1963 e.
724 1931 797 1963 edd.
821 1930 885 1975 Μ.)
912 1930 975 1973 „ita
999 1941 1033 1964 ut
1057 1932 1154 1965 fuisse

0 1990 2 2007 ,·
51 1974 184 2018 quidem
212 1994 251 1999 —-
278 1975 440 2007 credenda
463 1976 533 2008 sit.“
560 1977 598 2011 R.

141 2030 174 2074 ²)
202 2030 249 2061 lta
273 2030 352 2062 Mss.
375 2030 467 2062 Editi
491 2031 538 2074 (v.
563 2044 590 2063 c.
616 2030 690 2062 edd.
715 2030 779 2074 M.)
807 2043 1023 2075 „nunqunnm
1050 2032 1090 2066 R.

140 2085 173 2128 ³)
198 2085 259 2117 Ed.
286 2085 332 2117 Μ.
358 2086 398 2118 ΙΙ.
424 2086 549 2130 „quis.“

141 2140 175 2184 ⁴²)
199 2141 255 2174 Sic
279 2141 357 2173 Mss.
385 2142 473 2174 Alias
497 2143 542 2186 (ν.
569 2156 594 2174 c.
619 2142 650 2174 in
676 2141 750 2174 edd.
776 2142 838 2186 M.)
864 2146 1053 2183 „tractaref‘
1079 2143 1118 2175 R.

141 2197 172 2240 5)
197 2196 282 2229 Edd.
308 2198 355 2230 M.
384 2202 467 2238 „ew

141 2253 174 2296 ⁶)
197 2252 266 2285 Csr.
292 2253 343 2286 ed.
368 2253 494 2298 Redep.
519 2266 591 2298 pag.
617 2253 691 2288 199.
715 2262 782 2286 not.
807 2253 860 2287 29.

96 2326 270 2358 Ommzms
297 2326 432 2359 OPERA,
458 2326 553 2359 ΤοΜ.
578 2326 672 2358 XXI.
841 2335 844 2338 ⁴
930 2327 966 2359 13
