1404 2463
408 93 451 115 m:
478 82 668 114 Pssmcwus
694 80 804 112 Lmen
832 81 872 112 ΙΙ.
1141 80 1204 114 175

79 172 197 205 secisse
221 172 284 204 sibi
308 171 472 211 videntur,
497 184 559 215 qua
588 170 740 202 dixerunt
757 169 849 201 aliud
866 181 936 201 esse
953 168 1087 214 justum,
1111 169 1204 202 aliud

78 235 224 273 bonum;
264 243 297 266 et
313 235 344 276 Ι)
377 235 438 266 hac
470 232 632 265 divisione
665 230 698 262 in
724 230 894 262 divinitate
919 230 1018 262 etiam
1043 230 1093 262 usi
1117 240 1203 271 sunt,

77 295 280 328 affirmantes
313 296 439 328 bonum
469 294 605 339 quidem
631 293 789 337 Deum2)
815 304 884 324 esse
908 301 1038 335 patrem
1062 292 1203 324 Domini

78 358 185 389 nostri
208 355 453 395 Jesu1Christi‚
485 365 518 387 et
540 367 608 386 non
634 354 775 400 justum,
808 352 932 397 justum
959 366 1039 385 vero
1066 353 1146 394 legis
1173 363 1205 385 et

78 418 319 462 prophetarum
351 418 484 456 Deum,
520 428 581 448 nec
619 425 730 447 tamen
765 415 957 458 bonum13)
996 414 1074 446 huic
1105 428 1205 459 quae-

78 479 178 512 stioni
203 479 406 523 respondere
430 490 529 521 quam
546 485 692 521 potuero
710 475 856 508 breviter
872 477 1093 508 necessarium
1111 486 1204 520 puto.

167 540 408 583 Existimant&
439 538 540 580 igitur
568 538 753 570 bonitatem
784 538 943 569 affectum
975 537 1077 569 talem
1103 550 1205 581 quen-

79 603 154 634 dam
179 614 265 641 esse,
298 601 390 645 quod
414 601 499 638 bene
525 600 598 632 fieri
623 600 779 631 omnibus
804 599 941 637 debeat,
973 598 1049 643 (87)
1076 598 1204 631 etiamsi

84 662 239 705 indignus
262 663 304 695 sit
329 662 372 702 is,
398 662 450 695 cui
473 661 725 706 beneficiumss)
752 661 865 699 datur,
897 673 958 692 nec
980 661 1065 692 bene
1093 673 1208 693 conse-

79 724 135 768 qui
161 733 342 756 mereatur:
378 725 455 764 sed,
489 733 525 755 ut
550 723 630 755 mihi
656 723 806 761 videtur,
845 734 915 753 non
938 731 1028 754 recte
1052 722 1103 754 usi
1127 731 1205 754 sunt

78 784 137 817 tali
163 785 420 829 definitione‚⁶)
451 794 604 829 putantes
636 797 704 817 non
738 783 811 815 fieri
835 784 920 814 bene
944 783 1040 822 huic,
1073 783 1125 815 cui
1149 796 1206 816 au-

76 855 201 878 sterum
233 847 285 879 vel
315 846 409 879 triste
444 846 570 891 aliquid
603 846 754 878 insertur.
801 844 970 877 Justitiam
1005 857 1085 876 vero
1110 855 1205 889 puta—

76 917 156 941 runt
185 909 346 941 affectum
378 921 448 941 esse
481 909 603 947 talem,
644 907 702 952 qui
725 906 907 951 unicuique
933 916 1034 950 prout
1058 917 1207 940 meretur

75 969 248 1004 retribuat.
295 971 362 1003 Sed
395 980 425 1002 et
451 970 484 1002 in
509 970 574 1002 hoc
598 981 728 1001 rursum
754 967 957 1000 definitionis
971 967 1003 1012 ⁷)
1027 981 1104 1000 suae
1128 981 1202 1001 sen-

76 1044 148 1063 sum
173 1044 241 1063 non
265 1041 356 1064 recte
381 1030 651 1075 interpretantur.
688 1029 855 1073 Putantss)
882 1029 987 1068 enim,
1012 1029 1087 1073 quia
1114 1030 1204 1074 quod

77 1092 201 1138 justum
238 1102 287 1125 est
318 1093 411 1125 malis
442 1093 531 1124 mala
560 1091 670 1134 saciat,
683 1091 716 1136 ⁹)
749 1090 845 1123 honis
869 1092 975 1132 bona;
1010 1090 1044 1123 id
1069 1100 1134 1130 est,
1170 1100 1205 1122 ut

79 1154 263 1186 secundum
289 1167 420 1186 sensum
445 1154 595 1198 ipsorum
619 1152 723 1198 justus
747 1153 843 1185 malis
867 1165 933 1184 non
953 1152 1104 1184 videatur
1120 1153 1205 1184 bene

81 1215 185 1255 velle,
222 1215 280 1248 sed
317 1216 409 1248 velut
433 1215 512 1247 odio
539 1215 683 1259 quodam
709 1214 788 1246 ferri
806 1216 857 1258 ¹⁰)
883 1215 1038 1246 adversus
1064 1227 1137 1247 eos:
1175 1223 1206 1245 et

80 1277 258 1318 colligunt,
292 1276 398 1310 sicubi
435 1278 522 1309 forte
564 1277 596 1308 in
629 1275 811 1320 Scripturis
848 1277 966 1307 veteris
999 1275 1205 1307 Testamenti

78 1338 250 1371 inveniunt
275 1338 448 1370 historiam
472 1339 684 1376 referentem,
711 1337 802 1369 verbi
820 1337 931 1378 gratia,
959 1337 999 1368 de
1018 1335 1135 1368 di1uvii
1153 1337 1158 1354 ¹
1175 1336 1204 1379 ')

79 1400 213 1444 poenis,
238 1409 271 1432 et
295 1413 432 1440 eurum,
457 1400 515 1444 qui
539 1399 572 1431 in
590 1412 630 1431 eo
649 1398 798 1431 exstincti
815 1399 1026 1437 referuntur,
1054 1398 1106 1429 vel
1130 1411 1205 1429 cun·

79 1462 228 1495 Sodoma
245 1462 298 1506 ¹²)
331 1470 363 1493 et
388 1461 554 1493 Gomorra
588 1460 673 1502 ignei
698 1460 935 1504 sulphureique
960 1460 1075 1492 imbris
1101 1470 1205 1492 vasta-

79 1523 170 1556 tione
197 1523 463 1569 depopulantur,
488 1523 539 1554 vel
566 1535 642 1554 cum
667 1522 698 1553 in
725 1522 857 1553 deserto
884 1535 946 1566 pro
972 1522 1116 1566 peccatis
1140 1521 1206 1554 suis

179 1663 209 1707 ¹)
233 1662 297 1694 Ed.
323 1661 371 1694 M.
398 1663 421 1693 l.
452 1671 503 1693 »et
527 1661 561 1693 in
585 1661 666 1692 hac“
693 1670 754 1692 etc.

171 1718 204 1761 ²)
230 1718 316 1751 Edd.
349 1718 396 1750 M.
421 1717 555 1758 „Deum
588 1725 718 1761 patrem
746 1736 784 1741 —-
811 1715 953 1756 Christi,
994 1726 1027 1748 et
1057 1729 1124 1749 non
1158 1716 1204 1760 ju-

84 1773 170 1797 Slum
196 1775 296 1794 esses(

174 1820 207 1862 ³)
232 1818 318 1851 Edd.
346 1817 391 1849 Μ.
418 1818 576 1858 ‚,b0num.
625 1817 689 1851 Cui
715 1816 923 1861 quaestioni“
950 1826 1012 1850 etc.

173 1874 206 1916 ¹²)
231 1874 294 1906 Ed.
320 1874 366 1905 M.
394 1874 416 1905 l.
445 1873 682 1914 „Aestimant.«

175 1930 207 1973 ⁵)
233 1930 290 1962 Sic
306 1928 386 1961 Mss.
403 1928 495 1961 Libri
514 1929 595 1961 editi
613 1931 662 1973 (v.
678 1943 704 1962 c.
721 1929 871 1972 edd.M.)
890 1930 1150 1963 »benefactum«
1167 1932 1202 1965 R.

172 1986 206 2029 6)
231 1985 293 2018 Ed.
319 1986 367 2018 Μ.
394 1986 417 2017 l.
444 1985 701 2026 „diffinitione.“

175 2041 207 2085 ⁷)
232 2041 293 2073 Ed.
320 2040 366 2072 M.
394 2041 417 2073 l.
444 2041 704 2081 „diffinitionis.«

173 2098 207 2141 ⁸)
232 2098 296 2131 Ed.
321 2097 368 2129 M.
395 2097 436 2129 ll.
464 2097 582 2129 »Putat
605 2097 693 2129 euim
719 2098 831 2141 quod“
858 2107 918 2131 etc.

173 2152 205 2196 ⁹)
229 2153 293 2187 Ed.
319 2154 366 2186 M.
392 2153 414 2185 l.
443 2153 613 2185 »faciant.“
720 2155 771 2197 ⁸⁰)
796 2154 858 2186 Ed.
885 2154 930 2188 Μ.
959 2155 981 2188 Ι.
1010 2154 1130 2188 »fuori«

154 2210 206 2253 ¹¹)
233 2209 305 2242 Csr.
331 2209 415 2242 Gen.
440 2209 513 2248 viI,
541 2209 590 2244 17.
615 2223 706 2254 seqq.

153 2267 204 2308 ¹²)
231 2264 301 2298 Csr.
327 2265 410 2298 Gen.
436 2265 526 2304 XIX,
550 2266 602 2299 24.
626 2279 715 2310 seqq.
