1404 2463
161 94 202 129 16
634 94 806 128 Oaffiizms

162 184 335 228 quomodo
374 193 528 228 poterant
559 183 807 228 prophetare¹)
837 184 876 216 de
910 181 1069 216 Christo?
1107 182 1160 214 Ad
1189 180 1281 226 cujus

160 245 208 278 rei
231 245 469 290 probationem
499 256 566 276 non
599 254 683 277 esset
715 244 853 278 difficile
888 257 925 277 ex
957 243 1077 276 divinis
1101 242 1283 288 Scripturis

163 307 358 345 ostendere,
393 306 566 350 quomodo
603 306 657 338 vel
681 306 813 345 Moses,
855 306 906 337 vel
942 305 1128 350 prophetae
1161 304 1282 349 spiritu

162 368 285 402 Christi
306 367 445 412 repleti,
470 367 521 399 vel
549 367 652 400 locuti
676 377 768 408 sunt,
793 368 845 400 vel
868 376 1038 410 gesserunt
1063 365 1174 398 omnia
1197 377 1281 410 quae

160 439 346 472 gesserunt,
376 428 437 460 nisi
468 429 624 473 studi02)
654 430 752 462 nobis
783 439 883 469 esset,
917 441 1072 474 praesens
1106 428 1172 459 hoc
1197 439 1295 471 opus,

161 491 253 524 omni
283 503 347 535 qua
378 503 554 534 possumus
567 491 601 534 ³)
630 491 791 524 brevitate
821 491 1023 534 succingere.
1070 489 1168 522 Unde
1191 487 1284 521 suffi-

159 566 232 585 cere
258 552 465 596 existimo,⁴²)
489 564 557 584 uno
581 552 646 584 hoc
669 552 766 585 Pauli
789 552 981 585 testimonio
1003 552 1125 584 debere
1149 563 1211 583 nos
1233 549 1283 582 uti

160 629 198 647 ex
223 613 382 659 epistola,
419 626 516 658 quam
541 614 582 645 ad
613 613 785 646 Hebraeos
815 613 945 653 scribit,
979 613 1013 645 in
1049 625 1113 658 qua
1144 611 1191 644 ita
1221 611 1281 644 ait:

162 676 311 719 „Fide⁵)
336 688 471 717 magnus
495 676 599 707 factus
624 675 737 707 Moses
761 675 892 717 negavit
915 688 949 708 se
975 674 1041 707 dici
1057 673 1168 707 filium
1190 672 1280 706 filiae

158 736 352 776 Pharaonis,
364 736 465 779 magis
480 736 601 778 eligens
618 736 770 769 afflictari
790 749 865 768 cum
883 736 1015 781 populo
1032 735 1110 776 Dei,
1134 748 1233 780 quam
1246 734 1282 779 6)

158 798 380 843 temporalem
405 799 525 831 habere
549 797 677 843 peccati
700 797 958 838 iucunditatem,
983 797 1125 843 majores
1150 795 1281 829 divitias

157 860 376 904 aestimans⁷)
408 859 648 905 Aegyptiorum
679 860 839 892 thesauris
867 859 1091 904 opprobrium
1123 856 1280 892 Christis(

157 922 225 955 Sed
250 931 282 954 et
305 930 383 966 post
407 921 643 953 assumtionem
669 920 737 966 ejus
761 921 795 953 in
821 920 946 960 coelos,
972 920 1063 965 quod
1086 920 1120 952 in
1144 928 1282 965 aposto-

156 982 197 1015 lis
221 983 288 1016 suis
311 983 444 1015 locutus
457 982 489 1026 Β)
521 982 581 1023 sit,
620 983 684 1015 hoc
719 982 823 1014 modo
853 981 980 1014 indicat
1010 981 1151 1014 Paulus:
1190 982 1280 1013 »Aut

155 1043 320 1088 numquid
350 1045 609 1088 probamentum
640 1043 709 1088 ejus
739 1042 913 1088 quaeritis,
945 1043 1001 1079 qui
1033 1042 1068 1075 in
1091 1055 1145 1075 me
1170 1041 1280 1087 loqui-

156 1114 210 1137 tur
235 1104 431 1139 Christus?«
1245 1102 1249 1103 ⁷

244 1166 275 1200 2.
325 1166 496 1209 Quoniam
521 1179 597 1208 ergo
622 1167 718 1200 multi
745 1181 783 1200 ex
806 1168 868 1208 his,
893 1167 950 1212 qui
966 1168 1019 1212 ¹⁰)
1046 1167 1128 1200 Chri
1209 1179 1281 1200 cre-

157 1228 235 1260 dere
259 1240 293 1260 se
317 1227 535 1272 profitentur,
565 1241 633 1261 non
657 1229 767 1262 solum
790 1229 826 1262 in
849 1230 958 1274 parvis
985 1238 1017 1262 et
1039 1227 1188 1261 minimis
1212 1228 1278 1261 dis-

155 1289 305 1329 cordant,
328 1301 444 1321 verum
459 1287 558 1321 etiam
578 1289 612 1321 in
631 1290 755 1332 magnis
774 1300 807 1323 et
829 1290 990 1330 maximis,
1013 1289 1048 1322 id
1074 1299 1133 1330 est,
1157 1290 1232 1323 vel¹
1247 1290 1279 1334 ¹)

156 1351 197 1384 de
220 1351 308 1391 Deo,
333 1350 387 1382 vel
413 1351 453 1383 de
477 1350 627 1384 Domino
644 1351 697 1396 ¹²)
722 1353 801 1385 Jesu
826 1351 979 1393 Christo,
1003 1351 1057 1383 vel
1081 1351 1123 1384 de
1147 1350 1277 1396 Spiritu

247 1495 279 1540 ¹)
303 1495 366 1528 Ed.
392 1495 439 1528 M.
464 1495 487 1528 I.
515 1496 796 1541 »prophetizare«

245 1551 279 1595 ²)
303 1551 389 1583 Edd.
413 1551 513 1584 Merl.
541 1552 693 1586 „studii.«
788 1552 821 1596 ³)
845 1551 907 1584 Ed.
934 1552 982 1586 M.
1006 1553 1030 1586 Ι.
1058 1552 1273 1597 »›possimus.«

245 1607 280 1651 ι)
302 1606 366 1640 Ed.
390 1607 438 1640 M
462 1607 486 1641 1.
514 1607 704 1640 »aestima«
777 1608 809 1652 ⁵)
835 1608 902 1641 Cfr.
930 1608 1032 1640 Hebr.
1047 1608 1106 1647 XI,
1130 1606 1273 1642 24-26

245 1663 278 1707 ⁶)
302 1662 366 1695 Ed.
391 1663 438 1695 M.
464 1664 489 1695 I.
526 1676 644 1708 ›quam
675 1665 796 1697 habere
822 1662 1045 1709 temporalem
1069 1662 1199 1708 peccati
1223 1661 1274 1707 jo-

153 1708 387 1742 canditatemss

244 1763 278 1815 ⁷)
303 1763 351 1795 Ita
377 1776 491 1797 omnes
517 1765 624 1798 Codd.
649 1766 728 1799 Mss.
752 1765 889 1798 Merlin.
912 1778 991 1798 vero
1018 1774 1051 1797 et
1065 1764 1271 1797 Genebrard.

153 1807 362 1841 »existimans
386 1808 544 1842 thesauris
574 1811 816 1861 Aegyptiorum
846 1810 1092 1862 improperium
1117 1808 1271 1842 Christis(

150 1854 192 1889 R.
217 1871 258 1877 —-
289 1853 351 1885 Ed.
383 1854 430 1886 M.
458 1855 480 1887 1.
513 1855 706 1889 »aestimans
739 1858 852 1900 Aegyp
856 1855 980 1888 tiorum
1018 1853 1178 1887 thesauris
1210 1853 1274 1886 im-

149 1897 367 1950 properium«
394 1907 468 1938 etc„
494 1900 543 1932 ed.
569 1900 615 1932 M.
634 1902 674 1934 ΙΙ.
701 1901 895 1934 »aestimans
911 1899 1073 1934 thesauris
1087 1898 1272 1945 Aegyptio-

149 1956 224 1976 rum
247 1943 510 1987 improperium«
539 1954 571 1976 et
574 1958 601 1978 c.

242 1998 275 2042 ὃ)
297 1998 360 2031 Ed.
374 1999 423 2032 M.
438 2000 464 2031 I.
482 2000 633 2033 »locutus
647 2010 694 2034 est
705 2014 711 2032 :
724 2000 769 2033 sic
782 2000 846 2033 hoc
859 2001 962 2033 modo
976 2000 1102 2047 judicat
1111 1999 1267 2034 Paulus«

239 2053 274 2098 ⁹)
297 2053 354 2087 Sic
385 2067 499 2087 omnes
530 2055 610 2088 Mss.
668 2056 759 2089 Libri
797 2056 876 2089 editi
912 2058 959 2101 (v.
992 2071 1020 2090 c.
1052 2057 1124 2089 edd.
1150 2055 1270 2098 Meri.)

151 2099 221 2131 »An
245 2099 503 2143 probamentum
530 2100 617 2145 ejus«
645 2110 705 2134 etc.
731 2103 771 2135 R.
797 2122 839 2126 —
866 2101 934 2136 Cfr.
959 2102 1002 2136 Il.
1027 2102 1104 2137 Cor.
1125 2101 1220 2141 Xffl,
1236 2099 1269 2135 3.

219 2154 273 2199 ¹⁰)
297 2153 360 2187 Ed.
385 2155 433 2187 M.
460 2156 501 2188 ΙῘ.
529 2156 606 2201 »qui
632 2156 665 2189 iu
692 2157 857 2191 Christ0.«

220 2210 272 2252 ¹¹)
297 2209 402 2242 Deest
430 2211 521 2243 »vel«
543 2211 577 2244 in
609 2213 683 2245 edd.
710 2214 756 2245 M.

222 2265 280 2312 ¹²)
298 2265 382 2299 Edd.
409 2266 470 2305 M„
486 2268 652 2301 „Domino
678 2279 791 2303 nostro
816 2269 915 2302 Jesu«
944 2278 1004 2302 etc.
