1404 2463
149 79 193 115 50
628 77 803 112 Omoems

153 171 232 210 hoc,
255 169 347 214 quod
370 167 480 210 imago
505 166 681 200 invisibilis
706 166 848 207 dieitur,
874 176 911 199 ut
938 176 970 199 et
994 179 1056 212 per
1080 168 1144 200 hoc
1168 167 1285 200 adver—

152 240 283 271 tamus,
319 229 494 276 quomodo
520 229 613 262 Deus
648 239 739 262 recte
775 238 871 275 pater
903 228 1027 261 dicitur
1058 228 1117 261 {ilii
1143 228 1211 261 sui:
1252 236 1285 260 et

154 293 404 327 consideremus
427 292 539 337 primo
565 305 603 324 ex
626 291 697 334 his,
728 304 812 337 quae
844 291 1086 324 consuetudine
1111 290 1286 323 bominum

153 355 313 397 imagines
342 353 508 399 appellari
537 354 657 387 solent.
720 354 835 396 Imago
871 353 1041 386 interdum
1081 351 1204 385 dicitur
1240 364 1287 390 ea,

156 430 240 462 quae
264 416 298 449 in
323 415 462 448 materia
486 415 609 461 aliqua,
632 415 667 448 id
693 425 741 448 est
764 415 862 457 ligni,
894 415 947 447 vel
979 414 1118 460 lapidis,
1151 412 1286 459 depingi

155 479 207 511 vel
234 477 383 522 exsculpi
408 476 505 510 solet.
553 477 724 510 lnterdum
748 477 857 519 imago
883 477 1007 509 dicitur
1032 476 1120 523 ejus,
1152 475 1209 520 qui
1233 487 1289 517 ge-

154 540 246 579 nuit,
280 539 307 572 is
339 538 395 584 qui
426 546 520 571 natus
553 540 665 584 est,¹)
699 553 775 572 cum
805 538 839 571 in
863 539 960 571 nullo
985 538 1288 580 similitudinem2)

155 601 359 634 lineamenta
384 599 463 646 ejus,
489 600 545 645 qui
570 601 683 644 genuit
707 601 739 634 in
764 614 818 640 eo,
841 600 898 646 qui
921 610 1015 633 natus
1039 609 1097 640 est,
1121 599 1288 632 mentiun-

156 673 221 696 tur.
268 662 358 696 Puto
385 675 463 704 ergo
487 675 586 707 posse
610 662 718 707 priori
743 662 881 708 quidem
898 663 1053 707 exemplo
1071 661 1178 706 aptari
1199 674 1287 700 eum,

159 725 218 770 qui
241 724 283 757 ad
306 723 486 766 imaginem
518 733 550 756 et
581 724 836 758 similitudinem
868 724 939 757 De'r
966 724 1117 768 factus³)
1143 732 1203 762 est,
1226 723 1289 754 ho-

158 787 295 825 minem,
319 786 361 818 de
377 798 444 830 quo
461 785 662 828 diligentius,
686 787 819 819 favente
830 786 919 826 Deo,
944 798 1020 818 cum
1039 786 1153 817 locum
1178 783 1289 830 ipsum

157 849 192 881 in
217 846 389 891 Genesi‘)
413 859 581 891 exponere
612 847 840 892 coeperimus,
871 847 1068 880 videbimus.
1116 845 1291 880 Secundae

158 923 238 942 vcro
264 907 508 952 comparationi
532 907 641 950 imago
666 907 749 940 Filii
772 909 850 950 Dei,
875 909 961 954 de⁵)
988 922 1055 954 quo
1071 921 1160 941 nunc
1177 919 1290 941 sermo

160 980 219 1010 est,
242 968 431 1014 comparari
454 977 578 1012 potest,
604 968 703 1001 etiam
720 970 753 1014 ⁶)
778 971 962 1003 secundum
987 971 1063 1010 hoc,
1088 970 1180 1015 quod
1203 968 1290 1002 invi-

158 1031 266 1065 sibilis
289 1029 357 1063 Dei
380 1030 490 1072 imago
516 1029 692 1063 invisibilis
717 1040 776 1072 est,
804 1030 891 1064 sicut
913 1033 1096 1065 secundum
1116 1030 1290 1079 historiam

158 1092 348 1137 dicimus⁷)
382 1090 560 1133 imaginem
593 1092 686 1124 Adae
723 1106 792 1125 esse
831 1093 940 1126 filium
977 1093 1048 1139 eius
1085 1093 1177 1127 Seth.
1241 1092 1291 1124 lta

159 1155 247 1188 enim
266 1155 298 1198 ⁸)
323 1153 485 1198 scriptum
512 1163 581 1185 est:
615 1153 679 1194 „Et
695 1153 728 1199 ⁹)
761 1155 874 1196 genuit
904 1155 1014 1187 Adam
1046 1154 1145 1195 Seth,
1175 1167 1293 1186 secun-

160 1218 239 1250 dum
263 1214 442 1257 imaginem
467 1227 571 1255 suam,
596 1224 629 1247 et
652 1217 836 1249 secundum
860 1216 1008 1261 speciem
1032 1219 1156 1249 suam.“
1195 1215 1291 1259 Quae

161 1279 271 1320 imago
300 1278 398 1310 etiam
423 1285 560 1309 naturae
575 1277 628 1321 ¹⁰)
653 1291 690 1310 ac
714 1278 891 1311 sustantiae
915 1278 1024 1311 Patris
1050 1288 1083 1310 et
1105 1278 1187 1311 Filii
1211 1291 1291 1311 con—

159 1340 244 1373 tinet
275 1339 448 1372 unitatem.
496 1336 532 1370 Si
566 1337 655 1370 enim
688 1339 800 1372 omnia
832 1352 915 1384 quae
947 1341 1027 1372 facit
1056 1340 1175 1380 Pater,
1212 1339 1292 1372 haec

161 1412 194 1435 et
216 1401 325 1434 Filius
349 1399 498 1443 facit¹¹)
522 1398 694 1440 similiter,
724 1401 758 1433 in
792 1414 832 1433 eo
865 1402 958 1446 qnod
991 1401 1102 1434 omnia
1133 1401 1178 1434 ita
1214 1400 1294 1433 facit

158 1462 268 1496 Filius
291 1461 376 1494 sicut
400 1461 517 1501 Pater,
541 1460 652 1502 imago
678 1461 786 1494 Patris
810 1462 844 1494 in
867 1462 960 1495 Filio
986 1463 1210 1502 deformatur,
1234 1461 1292 1507 qui

260 1576 291 1619 ¹)
316 1573 537 1607 Desideratur
563 1577 654 1614 „est“
680 1573 713 1605 in
738 1574 814 1606 edd.
838 1574 886 1607 M.

254 1630 288 1675 ²)
312 1630 394 1663 Tres
420 1629 530 1662 Codd.
555 1629 635 1662 Mss.
661 1629 882 1675 Corbejensis‚
906 1629 1139 1672 Remigianus,
1165 1640 1196 1662 et
1220 1643 1294 1662 mo—

161 1685 242 1709 nast.
277 1676 310 1709 S.
343 1674 501 1708 Michael.
527 1673 659 1719 (itemq.
692 1675 768 1708 edd.
800 1676 865 1720 M.)
899 1676 1037 1708 habent:
1077 1675 1293 1716 „similitudi—

161 1724 274 1754 num.“
301 1721 341 1753 R.

254 1776 288 1819 ³)
315 1774 371 1809 Sic
396 1774 474 1808 Mss.
502 1774 591 1807 Alias
623 1776 669 1819 (v.
697 1787 724 1808 c.
749 1775 783 1808 in
809 1775 884 1809 edd.
910 1776 978 1821 M.)
1010 1776 1136 1818 „factus
1161 1785 1211 1809 est
1233 1777 1294 1810 ho-

165 1835 240 1855 mo:
265 1822 306 1853 de
331 1823 420 1865 qu0“
448 1829 509 1853 etc.
535 1820 576 1853 R.

254 1878 288 1921 ⁴)
315 1876 383 1909 Csr.
409 1876 460 1908 ed.
486 1875 615 1919 Redep.
639 1887 713 1919 pag.
740 1876 814 1911 111.
839 1886 909 1909 not.
935 1876 989 1911 31.

256 1932 290 1975 ⁵)
315 1931 371 1964 Sic
397 1931 475 1963 Mss.
502 1930 593 1963 Alias
617 1930 663 1975 (v.
690 1944 717 1963 c.
743 1931 776 1964 in
802 1933 876 1965 edd.
903 1931 969 1977 M.)
996 1933 1059 1974 „de
1084 1935 1181 1978 qua-‘⁴
1205 1933 1248 1967 R.

255 1989 289 2032 ὁ)
313 1987 401 2020 Edd.
425 1986 475 2018 Μ.
501 1994 555 2027 „et
578 1987 783 2019 secundun1“
810 1998 873 2021 etc.

258 2045 289 2087 ⁷)
314 2043 371 2076 Sic
396 2043 474 2075 Mss.
500 2041 590 2074 Alias
615 2041 662 2085 (v.
689 2056 716 2075 c.
742 2043 775 2075 in
801 2044 875 2076 edd.
902 2044 968 2088 M)
1007 2043 1169 2085 „dicimus
1201 2042 1293 2076 simi-

164 2089 340 2123 litudinem
368 2088 458 2120 Adae
482 2087 588 2119 filium
615 2087 707 2121 Seth.
756 2090 804 2122 lta
829 2089 939 2121 enim“
966 2096 1028 2122 etc.
1051 2089 1081 2122 R

255 2144 289 2188 ⁸)
312 2143 375 2176 Ed.
401 2143 530 2187 Redep.
557 2142 710 2185 „efiamf‘
807 2145 841 2190 ⁹)
868 2145 936 2178 Cfr.
963 2144 1047 2178 Gen.
1073 2115 1114 2185 M,
1139 2144 1170 2179 3.

233 2198 286 2243 ¹⁰)
313 2198 382 2232 Cfr.
408 2199 458 2231 ed.
484 2199 613 2243 Redep.
638 2212 709 2243 pag.
738 2200 811 2235 112.
837 2209 907 2233 not.
929 2199 963 2234 8.

233 2254 286 2309 ¹¹)
312 2253 380 2286 Cfr.
406 2267 456 2288 ev.
479 2254 597 2287 Joann.
625 2253 663 2295 V,
690 2254 741 2290 19.

1374 0 1387 104 -.-..===

1382 605 1391 661 .3.-xr
1385 358 1391 584 ,νμμ--ῄ
1385 332 1387 344 -

1382 662 1391 723 {1
