1404 2463
183 84 247 119 180
662 84 840 117 Omeffls

186 174 246 214 sit,
286 183 318 205 et
348 173 507 206 sobrietas
540 183 571 205 ct
603 174 780 218 prudentia
806 184 837 206 et
862 186 978 205 omnes
1002 172 1149 217 reliquae
1176 172 1313 205 virtutes

187 235 416 268 indifferentes
449 236 641 269 habeantur.
701 236 745 268 Et
784 235 862 279 quid
897 234 1173 279 respondebimus
1204 234 1311 266 Paulo

188 296 331 329 dicenti:
374 296 477 341 „Si¹)
510 311 574 342 qua
605 297 726 335 virtus,
762 297 787 329 si
819 310 883 341 qua
916 297 1004 336 laus,
1043 297 1123 328 haec
1160 295 1313 337 cogitate,

187 371 271 403 quae
283 359 317 402 ⁴³)
342 357 524 398 didicistis,
559 368 593 391 et
617 359 806 404 accepistis,
832 368 864 390 et
887 358 1041 397 audistis,
1073 367 1105 390 et
1128 356 1257 389 vidistis
1283 357 1314 389 in

186 419 293 452 me?“
318 419 457 452 Discant
480 433 560 462 ergo
584 430 830 465 perscrutantes
854 420 1044 464 Scripturas
1069 419 1206 458 divinas,
1231 431 1315 463 quae

187 491 264 513 sunt
286 480 434 523 singulae
460 482 608 523 virtutes,
634 493 664 515 et
689 496 756 515 non
781 481 962 526 surripiant
984 481 1017 513 in
1043 481 1118 519 hoc,
1149 481 1241 525 quod
1265 480 1316 512 di-

188 552 282 580 cunt,
314 542 391 587 quia
417 543 443 575 is
458 544 490 587 ³)
516 543 627 583 Deus,
665 543 721 588 qui
744 543 927 587 unicuique
951 543 1134 575 secundum
1160 542 1314 574 meritum

187 603 360 642 retribuit,
395 604 476 636 odio
492 603 523 648 ⁴)
548 605 717 636 malorum
747 605 903 637 retribuit
932 604 1029 636 malis
1052 604 1157 643 mala,
1191 613 1224 636 et
1247 616 1315 635 non

186 679 251 711 pro
283 679 344 709 eo,
376 666 466 710 quod
497 666 736 699 austerioribus
761 667 868 699 curari
892 666 1041 708 indigent
1065 665 1315 698 medicamentis

187 727 239 766 hi,
279 727 336 772 qui
369 727 651 773 deliquerunt‚⁵)
693 739 725 761 et
755 727 980 773 proptereass)
1010 728 1060 760 his
1095 727 1232 760 adhibet
1267 739 1315 765 ea.

187 803 272 834 quae
304 789 547 821 emendationis
579 800 762 834 prospectu
794 791 834 822 ad
868 803 1021 834 praesens
1058 790 1212 822 videntur
1244 802 1316 821 sen—

188 864 260 882 sum
293 850 422 883 doloris
463 850 596 882 inferre.
644 852 723 882 Non
754 852 867 893 legunt
897 852 977 896 quid
1008 851 1168 895 scripturn
1201 850 1243 882 sit
1276 851 1317 882 de

188 925 247 956 spe
272 911 428 952 illorum,
460 911 516 956 qui
551 912 584 944 in
610 912 737 964 diluvio
764 914 906 957 peremti
932 923 1024 954 sunt;
1059 913 1100 944 de
1126 925 1190 957 qua
1213 911 1318 956 spe7)

189 974 306 1006 Petrus
340 973 411 1017 ipse
436 973 469 1005 in
493 973 600 1018 prima
626 974 768 1018 epistola
791 988 848 1007 sua
871 975 917 1007 ita
940 975 1002 1007 ait:
1042 974 1153 1017 „Quia
1164 973 1197 1018 8)
1224 973 1318 1007 Chri-

189 1044 256 1067 stus
287 1043 439 1066 mortuus
471 1035 607 1079 quidem
638 1036 731 1080 est9)
758 1049 871 1076 carne,
910 1036 1091 1068 vivificatus
1115 1044 1225 1068 autem
1250 1034 1318 1079 spi-

191 1096 277 1128 ritu:
313 1096 346 1128 in
380 1109 447 1140 quo
481 1109 621 1141 pergens
653 1097 859 1141 praedicavit
890 1098 938 1130 his
970 1096 1158 1142 spiritibus,
1193 1096 1251 1141 qui
1282 1096 1314 1128 in

192 1170 325 1190 carcere
349 1158 558 1198 tenebantur,
583 1158 641 1203 qui
665 1158 830 1191 increduli
856 1159 989 1191 fuerant
1012 1158 1210 1203 aliquando,
1242 1171 1316 1190 cum

195 1229 410 1263 expectarent
434 1219 501 1251 Dei
532 1219 726 1264 patientiam
751 1220 785 1252 in
811 1220 927 1252 diebus
950 1221 1045 1260 Noe,
1079 1233 1153 1252 cum
1179 1219 1318 1252 fabrica-

190 1290 283 1314 retur
305 1294 391 1321 arca,
416 1281 450 1313 in
475 1294 538 1325 qua
563 1281 670 1325 pauci,
695 1281 728 1314 id
755 1291 803 1314 est
827 1291 904 1314 octo
930 1281 1057 1314 animae
1082 1282 1191 1314 salvae
1214 1282 1318 1314 factae

191 1352 269 1376 sunt
293 1355 354 1387 per
378 1355 515 1387 aquam:
542 1343 635 1386 quod
659 1352 692 1376 et
718 1357 776 1375 vos
798 1343 901 1376 simili
925 1343 1033 1375 forma
1051 1356 1139 1376 nunc
1155 1343 1317 1388 baptisma

191 1404 301 1437 salvos
326 1404 435 1436 facit.«
487 1404 540 1435 De
565 1404 715 1436 Sodoma
742 1414 853 1437 autem
878 1414 911 1436 et
928 1405 1096 1437 Gomorra
1121 1405 1233 1438 dicant
1257 1418 1319 1437 no-

190 1466 258 1506 bis,
282 1467 308 1499 si
334 1467 474 1498 credunt
499 1465 657 1498 creatoris
681 1465 747 1498 Dei
772 1478 840 1497 esse
865 1465 1077 1509 propheticas
1102 1478 1217 1505 voces,
1250 1466 1320 1509 ejus

193 1527 339 1567 scilicet,
367 1526 423 1571 qui
448 1527 594 1560 refertur
616 1540 717 1571 super
740 1539 797 1560 eos
821 1526 904 1568 ignis
929 1536 961 1558 et
984 1526 1154 1571 sulphuris
1178 1526 1319 1558 imbrem

192 1588 334 1633 pluisse:
360 1588 441 1632 quid
468 1587 551 1620 dicit
576 1588 617 1620 de
642 1588 722 1633 ipsis
746 1588 903 1621 Ezechiel
919 1587 1108 1632 propheta?
1133 1589 1320 1629 „Restitue-

287 1728 316 1772 ¹)
342 1726 491 1772 Philipp.
516 1729 574 1768 IV,
596 1728 626 1762 8.
651 1728 681 1762 9.

290 1783 325 1828 ²)
349 1782 436 1817 Edd.
463 1784 512 1817 M.
540 1797 643 1829 »quae
669 1793 701 1816 et
725 1783 906 1816 didicistis“
933 1793 995 1816 etc.

287 1840 320 1883 ³)
345 1839 431 1871 Edd.
457 1840 503 1872 M.
532 1840 631 1881 „eis.“

286 1895 320 1939 ⁴²)
344 1894 588 1927 Desiderantur
623 1896 657 1927 in
687 1905 782 1928 antea
814 1895 909 1928 editis
936 1897 981 1940 (r.
1008 1909 1035 1929 c.
1060 1895 1135 1927 edd.
1162 1895 1238 1940 M),
1262 1897 1320 1929 sed

197 1940 361 1973 habentur
383 1939 416 1971 in
442 1940 521 1972 Mss.
549 1942 665 1974 verba:
693 1941 795 1982 „odio
821 1941 985 1973 malorum
1011 1940 1197 1973 retribuit.“
1225 1941 1264 1977 R,

290 1996 321 2038 ⁵)
345 1995 409 2028 Ed.
434 1996 482 2028 M.
508 1996 533 2027 Ι.
561 1996 862 2041 „dereliquerunt.“

289 2052 323 2094 ὅ)
350 2050 397 2082 lta
422 2051 502 2083 Mss.
534 2051 624 2084 Libri
656 2053 737 2085 editi
767 2054 811 2097 (v.
838 2066 865 2085 c.
892 2053 967 2084 edd.
993 2051 1057 2095 M.)
1085 2055 1252 2096 „postea.“
1279 2052 1319 2085 R.

197 2118 239 2125 .-
264 2097 317 2128 De
342 2108 433 2140 seqq.
460 2097 519 2128 cfr.
545 2097 602 2129 lib⁴
629 2099 670 2129 ll.
697 2097 928 2139 Origenianor.
953 2105 1077 2141 quaest.
1094 2097 1156 2130 ΧΙ.
1182 2110 1272 2129 num.
1289 2098 1320 2131 7.

290 2152 320 2194 ⁷)
347 2150 403 2184 Sic
432 2151 510 2184 Mss.
537 2153 573 2184 ln
599 2153 696 2185 editis
722 2155 767 2197 (V.
794 2167 820 2187 c.
847 2154 922 2186 edd.
948 2153 1012 2196 M.)
1037 2152 1129 2185 deest
1155 2157 1265 2197 „spe.“

285 2207 319 2250 εὗ)
344 2206 406 2239 Ed.
432 2206 480 2240 M.
506 2207 548 2240 ll.
575 2207 735 2251 „Quod.“
763 2230 802 2235 —-
829 2209 898 2243 Cfr.
923 2209 937 2240 l
962 2209 1052 2243 Petr.
1076 2209 1133 2249 lli,
1159 2208 1319 2244 18—21·

287 2263 320 2306 ⁹)
344 2261 563 2295 Desideratur
594 2268 684 2304 „est“
713 2265 745 2298 in
771 2267 847 2299 edd.
872 2266 919 2297 M.
