<?xml version="1.0" encoding="UTF-8"?>
<!DOCTYPE html PUBLIC "-//W3C//DTD XHTML 1.0 Transitional//EN"
    "http://www.w3.org/TR/xhtml1/DTD/xhtml1-transitional.dtd">
<html xmlns="http://www.w3.org/1999/xhtml" xml:lang="en" lang="en">
 <head>
  <title>
</title>
<meta http-equiv="Content-Type" content="text/html;charset=utf-8" />
  <meta name='ocr-system' content='tesseract 3.04.00' />
  <meta name='ocr-capabilities' content='ocr_page ocr_carea ocr_par ocr_line ocrx_word'/>
</head>
<body>
  <div class='ocr_page' id='page_1' title='image "./operaomniaquaegr21orig/operaomniaquaegr21orig_0037.png"; bbox 0 0 1404 2463; ppageno 0'>
   <div class='ocr_carea' id='block_1_1' title="bbox 415 102 1207 139">
    <p class='ocr_par' dir='ltr' id='par_1_1' title="bbox 415 102 1207 139">
     <span class='ocr_line' id='line_1_1' title="bbox 415 102 1207 139; baseline 0 -4"><span class='ocrx_word' id='word_1_1' title='bbox 415 113 462 136; x_wconf 77' lang='lat' dir='ltr'><strong>m:</strong></span> <span class='ocrx_word' id='word_1_2' title='bbox 487 102 682 136; x_wconf 73' lang='lat' dir='ltr'><strong>ancwns</strong></span> <span class='ocrx_word' id='word_1_3' title='bbox 705 103 817 136; x_wconf 71' lang='lat' dir='ltr'><strong>Lmssn</strong></span> <span class='ocrx_word' id='word_1_4' title='bbox 843 104 865 135; x_wconf 86' lang='lat'><strong>1.</strong></span> <span class='ocrx_word' id='word_1_5' title='bbox 1162 104 1207 139; x_wconf 89' lang='grc'><strong>23</strong></span> 
     </span>
    </p>
   </div>
   <div class='ocr_carea' id='block_1_2' title="bbox 59 191 1203 1467">
    <p class='ocr_par' dir='ltr' id='par_1_2' title="bbox 68 191 1203 482">
     <span class='ocr_line' id='line_1_2' title="bbox 75 191 1201 236; baseline 0.001 -12"><span class='ocrx_word' id='word_1_6' title='bbox 75 191 210 236; x_wconf 85' lang='lat' dir='ltr'><strong>quidem</strong></span> <span class='ocrx_word' id='word_1_7' title='bbox 235 192 333 233; x_wconf 79' lang='lat' dir='ltr'>haec;</span> <span class='ocrx_word' id='word_1_8' title='bbox 364 204 447 236; x_wconf 82' lang='lat' dir='ltr'><strong>quae</strong></span> <span class='ocrx_word' id='word_1_9' title='bbox 478 201 590 225; x_wconf 85' lang='lat' dir='ltr'><strong>autem</strong></span> <span class='ocrx_word' id='word_1_10' title='bbox 624 192 704 231; x_wconf 82' lang='lat' dir='ltr'><strong>sint,</strong></span> <span class='ocrx_word' id='word_1_11' title='bbox 736 201 793 224; x_wconf 84' lang='lat' dir='ltr'><strong>aut</strong></span> <span class='ocrx_word' id='word_1_12' title='bbox 822 191 996 236; x_wconf 86' lang='lat' dir='ltr'><strong>quomodo</strong></span> <span class='ocrx_word' id='word_1_13' title='bbox 1022 191 1104 230; x_wconf 82' lang='lat' dir='ltr'><strong>sint,</strong></span> <span class='ocrx_word' id='word_1_14' title='bbox 1133 204 1201 225; x_wconf 90' lang='lat' dir='ltr'><strong>non</strong></span> 
     </span>
     <span class='ocr_line' id='line_1_3' title="bbox 71 252 1203 298; baseline -0.001 -12"><span class='ocrx_word' id='word_1_15' title='bbox 71 253 148 286; x_wconf 73' lang='lat' dir='ltr'><strong>satis</strong></span> <span class='ocrx_word' id='word_1_16' title='bbox 173 254 260 286; x_wconf 80' lang='lat' dir='ltr'>clare</span> <span class='ocrx_word' id='word_1_17' title='bbox 286 252 449 298; x_wconf 79' lang='lat' dir='ltr'>exposuit.</span> <span class='ocrx_word' id='word_1_18' title='bbox 497 253 598 296; x_wconf 89' lang='lat' dir='ltr'>Apud</span> <span class='ocrx_word' id='word_1_19' title='bbox 628 252 796 297; x_wconf 84' lang='lat' dir='ltr'><strong>plurimos</strong></span> <span class='ocrx_word' id='word_1_20' title='bbox 831 262 942 285; x_wconf 74' lang='lat' dir='ltr'><strong>tamen</strong></span> <span class='ocrx_word' id='word_1_21' title='bbox 975 252 1036 284; x_wconf 80' lang='lat' dir='ltr'><strong>ista</strong></span> <span class='ocrx_word' id='word_1_22' title='bbox 1060 253 1203 285; x_wconf 79' lang='lat' dir='ltr'><strong>habetur</strong></span> 
     </span>
     <span class='ocr_line' id='line_1_4' title="bbox 72 305 1199 359; baseline 0.001 -13"><span class='ocrx_word' id='word_1_23' title='bbox 72 315 201 358; x_wconf 82' lang='lat' dir='ltr'><strong>opinio,</strong></span> <span class='ocrx_word' id='word_1_24' title='bbox 225 315 318 359; x_wconf 88' lang='lat' dir='ltr'><strong>quod</strong></span> <span class='ocrx_word' id='word_1_25' title='bbox 343 314 476 356; x_wconf 81' lang='lat' dir='ltr'><strong>angelus</strong></span> <span class='ocrx_word' id='word_1_26' title='bbox 500 314 603 346; x_wconf 84' lang='lat' dir='ltr'><strong>suerit</strong></span> <span class='ocrx_word' id='word_1_27' title='bbox 627 314 688 347; x_wconf 83' lang='lat' dir='ltr'><strong>iste</strong></span> <span class='ocrx_word' id='word_1_28' title='bbox 713 314 886 354; x_wconf 80' lang='lat' dir='ltr'><strong>diabolus,</strong></span> <span class='ocrx_word' id='word_1_29' title='bbox 919 323 952 346; x_wconf 88' lang='lat' dir='ltr'><strong>et</strong></span> <span class='ocrx_word' id='word_1_30' title='bbox 977 322 1127 357; x_wconf 77' lang='lat' dir='ltr'><strong>apostata</strong></span> <span class='ocrx_word' id='word_1_31' title='bbox 1150 305 1199 347; x_wconf 55' lang='lat' dir='ltr'><strong>df-</strong></span> 
     </span>
     <span class='ocr_line' id='line_1_5' title="bbox 69 374 1199 421; baseline 0.001 -13"><span class='ocrx_word' id='word_1_32' title='bbox 69 377 176 409; x_wconf 83' lang='lat' dir='ltr'><strong>fectus</strong></span> <span class='ocrx_word' id='word_1_33' title='bbox 200 375 466 421; x_wconf 81' lang='lat' dir='ltr'><strong>quamplurimos</strong></span> <span class='ocrx_word' id='word_1_34' title='bbox 494 377 689 419; x_wconf 83' lang='lat' dir='ltr'><strong>angelorum</strong></span> <span class='ocrx_word' id='word_1_35' title='bbox 719 389 832 409; x_wconf 89' lang='lat' dir='ltr'><strong>secum</strong></span> <span class='ocrx_word' id='word_1_36' title='bbox 863 374 1032 408; x_wconf 81' lang='lat' dir='ltr'><strong>declinare</strong></span> <span class='ocrx_word' id='word_1_37' title='bbox 1064 389 1199 420; x_wconf 80' lang='lat' dir='ltr'><strong>persua-</strong></span> 
     </span>
     <span class='ocr_line' id='line_1_6' title="bbox 68 437 1065 482; baseline -0.001 -12"><span class='ocrx_word' id='word_1_38' title='bbox 68 437 157 478; x_wconf 84' lang='lat' dir='ltr'><strong>serit,</strong></span> <span class='ocrx_word' id='word_1_39' title='bbox 183 437 239 482; x_wconf 85' lang='lat' dir='ltr'><strong>qui</strong></span> <span class='ocrx_word' id='word_1_40' title='bbox 263 447 297 470; x_wconf 84' lang='lat' dir='ltr'><strong>et</strong></span> <span class='ocrx_word' id='word_1_41' title='bbox 318 450 406 470; x_wconf 87' lang='lat' dir='ltr'><strong>nunc</strong></span> <span class='ocrx_word' id='word_1_42' title='bbox 429 450 535 482; x_wconf 88' lang='lat' dir='ltr'><strong>usque</strong></span> <span class='ocrx_word' id='word_1_43' title='bbox 559 437 668 479; x_wconf 79' lang='lat' dir='ltr'><strong>angeli</strong></span> <span class='ocrx_word' id='word_1_44' title='bbox 692 437 796 482; x_wconf 85' lang='lat' dir='ltr'><strong>ipsius</strong></span> <span class='ocrx_word' id='word_1_45' title='bbox 820 446 1065 481; x_wconf 82' lang='lat' dir='ltr'><strong>nuncupantur.</strong></span> 
     </span>
    </p>

    <p class='ocr_par' dir='ltr' id='par_1_3' title="bbox 62 498 1198 912">
     <span class='ocr_line' id='line_1_7' title="bbox 157 498 1198 544; baseline -0.002 -11"><span class='ocrx_word' id='word_1_46' title='bbox 157 499 188 533; x_wconf 83' lang='lat'><strong>7.</strong></span> <span class='ocrx_word' id='word_1_47' title='bbox 233 498 294 532; x_wconf 86' lang='lat' dir='ltr'><strong>Est</strong></span> <span class='ocrx_word' id='word_1_48' title='bbox 322 507 493 542; x_wconf 74' lang='lat' dir='ltr'><strong>praeterea</strong></span> <span class='ocrx_word' id='word_1_49' title='bbox 526 500 605 544; x_wconf 88' lang='lat' dir='ltr'><strong>et¹)</strong></span> <span class='ocrx_word' id='word_1_50' title='bbox 636 498 722 532; x_wconf 85' lang='lat' dir='ltr'><strong>illud</strong></span> <span class='ocrx_word' id='word_1_51' title='bbox 753 499 787 532; x_wconf 86' lang='lat' dir='ltr'><strong>in</strong></span> <span class='ocrx_word' id='word_1_52' title='bbox 819 498 1042 532; x_wconf 78' lang='lat' dir='ltr'><strong>ecclesiastica</strong></span> <span class='ocrx_word' id='word_1_53' title='bbox 1065 499 1198 543; x_wconf 76' lang='lat' dir='ltr'><strong>praedi-</strong></span> 
     </span>
     <span class='ocr_line' id='line_1_8' title="bbox 68 560 1197 604; baseline 0 -12"><span class='ocrx_word' id='word_1_54' title='bbox 68 560 208 601; x_wconf 82' lang='lat' dir='ltr'><strong>catione,</strong></span> <span class='ocrx_word' id='word_1_55' title='bbox 233 560 326 604; x_wconf 87' lang='lat' dir='ltr'><strong>quod</strong></span> <span class='ocrx_word' id='word_1_56' title='bbox 349 560 494 593; x_wconf 82' lang='lat' dir='ltr'><strong>mundus</strong></span> <span class='ocrx_word' id='word_1_57' title='bbox 516 560 579 593; x_wconf 80' lang='lat' dir='ltr'><strong>iste</strong></span> <span class='ocrx_word' id='word_1_58' title='bbox 602 561 710 594; x_wconf 83' lang='lat' dir='ltr'><strong>factus</strong></span> <span class='ocrx_word' id='word_1_59' title='bbox 732 560 794 601; x_wconf 84' lang='lat' dir='ltr'><strong>sit,</strong></span> <span class='ocrx_word' id='word_1_60' title='bbox 827 569 860 593; x_wconf 80' lang='lat' dir='ltr'><strong>et</strong></span> <span class='ocrx_word' id='word_1_61' title='bbox 883 573 901 592; x_wconf 82' lang='lat' dir='ltr'>a</span> <span class='ocrx_word' id='word_1_62' title='bbox 925 569 1018 592; x_wconf 85' lang='lat' dir='ltr'><strong>certo</strong></span> <span class='ocrx_word' id='word_1_63' title='bbox 1042 569 1197 604; x_wconf 73' lang='lat' dir='ltr'><strong>tempore</strong></span> 
     </span>
     <span class='ocr_line' id='line_1_9' title="bbox 68 614 1196 666; baseline 0 -12"><span class='ocrx_word' id='word_1_64' title='bbox 68 621 236 666; x_wconf 80' lang='lat' dir='ltr'><strong>coeperit,</strong></span> <span class='ocrx_word' id='word_1_65' title='bbox 274 631 307 654; x_wconf 82' lang='lat' dir='ltr'><strong>et</strong></span> <span class='ocrx_word' id='word_1_66' title='bbox 337 620 423 664; x_wconf 80' lang='lat' dir='ltr'><strong>sit2)</strong></span> <span class='ocrx_word' id='word_1_67' title='bbox 454 625 518 666; x_wconf 74' lang='lat' dir='ltr'><strong>pro</strong></span> <span class='ocrx_word' id='word_1_68' title='bbox 557 622 628 666; x_wconf 79' lang='lat' dir='ltr'><strong>ipsa</strong></span> <span class='ocrx_word' id='word_1_69' title='bbox 658 621 709 655; x_wconf 87' lang='lat' dir='ltr'><strong>sui</strong></span> <span class='ocrx_word' id='word_1_70' title='bbox 747 621 966 666; x_wconf 81' lang='lat' dir='ltr'><strong>corruptione</strong></span> <span class='ocrx_word' id='word_1_71' title='bbox 1003 614 1196 654; x_wconf 84' lang='lat' dir='ltr'><strong>solvendus.</strong></span> 
     </span>
     <span class='ocr_line' id='line_1_10' title="bbox 67 682 1197 728; baseline 0.001 -14"><span class='ocrx_word' id='word_1_72' title='bbox 67 682 160 726; x_wconf 83' lang='lat' dir='ltr'><strong>Quid</strong></span> <span class='ocrx_word' id='word_1_73' title='bbox 184 692 294 715; x_wconf 83' lang='lat' dir='ltr'><strong>tamen</strong></span> <span class='ocrx_word' id='word_1_74' title='bbox 320 692 397 716; x_wconf 78' lang='lat' dir='ltr'><strong>ante</strong></span> <span class='ocrx_word' id='word_1_75' title='bbox 419 682 508 717; x_wconf 82' lang='lat' dir='ltr'><strong>hune</strong></span> <span class='ocrx_word' id='word_1_76' title='bbox 531 684 695 717; x_wconf 89' lang='lat' dir='ltr'><strong>mundum</strong></span> <span class='ocrx_word' id='word_1_77' title='bbox 718 684 839 723; x_wconf 82' lang='lat' dir='ltr'><strong>fuerit,</strong></span> <span class='ocrx_word' id='word_1_78' title='bbox 869 692 926 716; x_wconf 81' lang='lat' dir='ltr'><strong>aut</strong></span> <span class='ocrx_word' id='word_1_79' title='bbox 957 683 1037 728; x_wconf 83' lang='lat' dir='ltr'><strong>quid</strong></span> <span class='ocrx_word' id='word_1_80' title='bbox 1069 683 1197 728; x_wconf 83' lang='lat' dir='ltr'><strong>post³)</strong></span> 
     </span>
     <span class='ocr_line' id='line_1_11' title="bbox 65 743 1195 790; baseline 0.001 -14"><span class='ocrx_word' id='word_1_81' title='bbox 65 745 227 776; x_wconf 89' lang='lat' dir='ltr'><strong>mundum</strong></span> <span class='ocrx_word' id='word_1_82' title='bbox 258 744 338 784; x_wconf 86' lang='lat' dir='ltr'><strong>erit,</strong></span> <span class='ocrx_word' id='word_1_83' title='bbox 375 744 441 789; x_wconf 76' lang='lat' dir='ltr'><strong>jam</strong></span> <span class='ocrx_word' id='word_1_84' title='bbox 479 758 548 778; x_wconf 87' lang='lat' dir='ltr'><strong>non</strong></span> <span class='ocrx_word' id='word_1_85' title='bbox 578 758 642 790; x_wconf 84' lang='lat' dir='ltr'><strong>pro</strong></span> <span class='ocrx_word' id='word_1_86' title='bbox 675 745 853 778; x_wconf 78' lang='lat' dir='ltr'><strong>manifesto</strong></span> <span class='ocrx_word' id='word_1_87' title='bbox 892 744 1008 777; x_wconf 83' lang='lat' dir='ltr'><strong>multis</strong></span> <span class='ocrx_word' id='word_1_88' title='bbox 1036 743 1195 777; x_wconf 78' lang='lat' dir='ltr'><strong>innotuit.</strong></span> 
     </span>
     <span class='ocr_line' id='line_1_12' title="bbox 63 805 1194 851; baseline 0 -13"><span class='ocrx_word' id='word_1_89' title='bbox 63 807 142 838; x_wconf 87' lang='lat' dir='ltr'><strong>Non</strong></span> <span class='ocrx_word' id='word_1_90' title='bbox 167 805 256 838; x_wconf 85' lang='lat' dir='ltr'><strong>enim</strong></span> <span class='ocrx_word' id='word_1_91' title='bbox 281 805 416 839; x_wconf 82' lang='lat' dir='ltr'><strong>evidens</strong></span> <span class='ocrx_word' id='word_1_92' title='bbox 427 805 461 851; x_wconf 57' lang='grc'><strong>4)</strong></span> <span class='ocrx_word' id='word_1_93' title='bbox 497 806 539 839; x_wconf 87' lang='lat' dir='ltr'><strong>de</strong></span> <span class='ocrx_word' id='word_1_94' title='bbox 563 806 613 839; x_wconf 86' lang='lat' dir='ltr'><strong>his</strong></span> <span class='ocrx_word' id='word_1_95' title='bbox 637 806 670 839; x_wconf 88' lang='lat' dir='ltr'><strong>in</strong></span> <span class='ocrx_word' id='word_1_96' title='bbox 696 806 921 840; x_wconf 78' lang='lat' dir='ltr'><strong>ecclesiastica</strong></span> <span class='ocrx_word' id='word_1_97' title='bbox 943 805 1194 851; x_wconf 79' lang='lat' dir='ltr'><strong>praedicatione</strong></span> 
     </span>
     <span class='ocr_line' id='line_1_13' title="bbox 62 867 380 912; baseline 0.003 -13"><span class='ocrx_word' id='word_1_98' title='bbox 62 880 174 900; x_wconf 87' lang='lat' dir='ltr'><strong>sermo</strong></span> <span class='ocrx_word' id='word_1_99' title='bbox 198 867 380 912; x_wconf 78' lang='lat' dir='ltr'><strong>profertur.</strong></span> 
     </span>
    </p>

    <p class='ocr_par' dir='ltr' id='par_1_4' title="bbox 59 928 1193 1467">
     <span class='ocr_line' id='line_1_14' title="bbox 149 928 1193 975; baseline -0.002 -12"><span class='ocrx_word' id='word_1_100' title='bbox 149 928 182 963; x_wconf 87' lang='grc'><strong>8.</strong></span> <span class='ocrx_word' id='word_1_101' title='bbox 229 929 317 961; x_wconf 87' lang='lat' dir='ltr'><strong>Tum</strong></span> <span class='ocrx_word' id='word_1_102' title='bbox 343 929 479 961; x_wconf 85' lang='lat' dir='ltr'><strong>demum</strong></span> <span class='ocrx_word' id='word_1_103' title='bbox 503 929 595 974; x_wconf 87' lang='lat' dir='ltr'><strong>quod</strong></span> <span class='ocrx_word' id='word_1_104' title='bbox 619 942 681 974; x_wconf 87' lang='lat' dir='ltr'><strong>per</strong></span> <span class='ocrx_word' id='word_1_105' title='bbox 704 929 870 975; x_wconf 83' lang='lat' dir='ltr'><strong>Spiritum</strong></span> <span class='ocrx_word' id='word_1_106' title='bbox 895 930 963 963; x_wconf 82' lang='lat' dir='ltr'><strong>Dei</strong></span> <span class='ocrx_word' id='word_1_107' title='bbox 976 930 1009 974; x_wconf 84' lang='lat'><strong>⁵)</strong></span> <span class='ocrx_word' id='word_1_108' title='bbox 1040 929 1193 974; x_wconf 85' lang='lat' dir='ltr'><strong>Scriptu-</strong></span> 
     </span>
     <span class='ocr_line' id='line_1_15' title="bbox 61 989 1192 1034; baseline 0.001 -12"><span class='ocrx_word' id='word_1_109' title='bbox 61 1003 116 1022; x_wconf 76' lang='lat' dir='ltr'><strong>rac</strong></span> <span class='ocrx_word' id='word_1_110' title='bbox 141 989 348 1034; x_wconf 79' lang='lat' dir='ltr'>conscriptae</span> <span class='ocrx_word' id='word_1_111' title='bbox 371 990 447 1030; x_wconf 84' lang='lat' dir='ltr'><strong>sint,</strong></span> <span class='ocrx_word' id='word_1_112' title='bbox 483 999 517 1023; x_wconf 74' lang='lat' dir='ltr'><strong>et</strong></span> <span class='ocrx_word' id='word_1_113' title='bbox 540 1003 673 1024; x_wconf 83' lang='lat' dir='ltr'><strong>sensum</strong></span> <span class='ocrx_word' id='word_1_114' title='bbox 697 991 852 1031; x_wconf 77' lang='lat' dir='ltr'><strong>habeant,</strong></span> <span class='ocrx_word' id='word_1_115' title='bbox 874 1004 944 1024; x_wconf 90' lang='lat' dir='ltr'><strong>non</strong></span> <span class='ocrx_word' id='word_1_116' title='bbox 969 1004 1046 1024; x_wconf 84' lang='lat' dir='ltr'><strong>eum</strong></span> <span class='ocrx_word' id='word_1_117' title='bbox 1070 992 1192 1031; x_wconf 80' lang='lat' dir='ltr'><strong>solum,</strong></span> 
     </span>
     <span class='ocr_line' id='line_1_16' title="bbox 62 1051 1191 1097; baseline 0.001 -13"><span class='ocrx_word' id='word_1_118' title='bbox 62 1051 119 1096; x_wconf 86' lang='lat' dir='ltr'><strong>qui</strong></span> <span class='ocrx_word' id='word_1_119' title='bbox 149 1051 185 1084; x_wconf 85' lang='lat' dir='ltr'><strong>in</strong></span> <span class='ocrx_word' id='word_1_120' title='bbox 214 1052 392 1084; x_wconf 83' lang='lat' dir='ltr'><strong>manifesto</strong></span> <span class='ocrx_word' id='word_1_121' title='bbox 429 1061 496 1092; x_wconf 83' lang='lat' dir='ltr'><strong>est,</strong></span> <span class='ocrx_word' id='word_1_122' title='bbox 535 1053 594 1085; x_wconf 84' lang='lat' dir='ltr'><strong>sed</strong></span> <span class='ocrx_word' id='word_1_123' title='bbox 633 1062 666 1086; x_wconf 86' lang='lat' dir='ltr'><strong>et</strong></span> <span class='ocrx_word' id='word_1_124' title='bbox 700 1053 803 1086; x_wconf 80' lang='lat' dir='ltr'><strong>alium</strong></span> <span class='ocrx_word' id='word_1_125' title='bbox 833 1053 1000 1097; x_wconf 84' lang='lat' dir='ltr'><strong>quendam</strong></span> <span class='ocrx_word' id='word_1_126' title='bbox 1032 1053 1191 1085; x_wconf 81' lang='lat' dir='ltr'><strong>latentem</strong></span> 
     </span>
     <span class='ocr_line' id='line_1_17' title="bbox 60 1113 1190 1159; baseline -0.001 -13"><span class='ocrx_word' id='word_1_127' title='bbox 60 1113 337 1158; x_wconf 77' lang='lat' dir='ltr'><strong>quamplurimos.</strong></span> <span class='ocrx_word' id='word_1_128' title='bbox 384 1113 530 1145; x_wconf 86' lang='lat' dir='ltr'>Formae</span> <span class='ocrx_word' id='word_1_129' title='bbox 542 1113 575 1158; x_wconf 75' lang='grc'><strong>6)</strong></span> <span class='ocrx_word' id='word_1_130' title='bbox 601 1114 690 1146; x_wconf 85' lang='lat' dir='ltr'><strong>enim</strong></span> <span class='ocrx_word' id='word_1_131' title='bbox 713 1122 791 1148; x_wconf 83' lang='lat' dir='ltr'><strong>sunt</strong></span> <span class='ocrx_word' id='word_1_132' title='bbox 806 1114 898 1154; x_wconf 77' lang='lat' dir='ltr'><strong>haec,</strong></span> <span class='ocrx_word' id='word_1_133' title='bbox 924 1127 1008 1159; x_wconf 78' lang='lat' dir='ltr'><strong>quae</strong></span> <span class='ocrx_word' id='word_1_134' title='bbox 1024 1113 1190 1158; x_wconf 84' lang='lat' dir='ltr'><strong>descripta</strong></span> 
     </span>
     <span class='ocr_line' id='line_1_18' title="bbox 61 1175 1190 1220; baseline 0 -13"><span class='ocrx_word' id='word_1_135' title='bbox 61 1184 147 1214; x_wconf 86' lang='lat' dir='ltr'><strong>sunt,</strong></span> <span class='ocrx_word' id='word_1_136' title='bbox 172 1175 248 1219; x_wconf 84' lang='grc'>(49)</span> <span class='ocrx_word' id='word_1_137' title='bbox 271 1183 557 1207; x_wconf 76' lang='lat' dir='ltr'><strong>sacramentorum</strong></span> <span class='ocrx_word' id='word_1_138' title='bbox 590 1176 833 1220; x_wconf 82' lang='lat' dir='ltr'><strong>quorumdam,</strong></span> <span class='ocrx_word' id='word_1_139' title='bbox 870 1186 903 1208; x_wconf 89' lang='lat' dir='ltr'><strong>et</strong></span> <span class='ocrx_word' id='word_1_140' title='bbox 927 1175 1114 1208; x_wconf 79' lang='lat' dir='ltr'><strong>divinarum</strong></span> <span class='ocrx_word' id='word_1_141' title='bbox 1138 1187 1190 1207; x_wconf 87' lang='lat' dir='ltr'><strong>re-</strong></span> 
     </span>
     <span class='ocr_line' id='line_1_19' title="bbox 59 1235 1189 1282; baseline 0.001 -14"><span class='ocrx_word' id='word_1_142' title='bbox 59 1250 135 1269; x_wconf 87' lang='lat' dir='ltr'><strong>rum</strong></span> <span class='ocrx_word' id='word_1_143' title='bbox 158 1235 326 1278; x_wconf 83' lang='lat' dir='ltr'>imagines.</span> <span class='ocrx_word' id='word_1_144' title='bbox 374 1236 427 1268; x_wconf 86' lang='lat' dir='ltr'><strong>De</strong></span> <span class='ocrx_word' id='word_1_145' title='bbox 459 1249 528 1280; x_wconf 88' lang='lat' dir='ltr'><strong>quo</strong></span> <span class='ocrx_word' id='word_1_146' title='bbox 559 1236 663 1269; x_wconf 88' lang='lat' dir='ltr'><strong>totius</strong></span> <span class='ocrx_word' id='word_1_147' title='bbox 694 1237 855 1269; x_wconf 79' lang='lat' dir='ltr'><strong>ecclesiae</strong></span> <span class='ocrx_word' id='word_1_148' title='bbox 883 1250 948 1270; x_wconf 81' lang='lat' dir='ltr'><strong>una</strong></span> <span class='ocrx_word' id='word_1_149' title='bbox 961 1238 994 1282; x_wconf 90' lang='lat'><strong>⁷)</strong></span> <span class='ocrx_word' id='word_1_150' title='bbox 1024 1236 1189 1269; x_wconf 78' lang='lat' dir='ltr'><strong>sententia</strong></span> 
     </span>
     <span class='ocr_line' id='line_1_20' title="bbox 62 1296 1191 1343; baseline -0.001 -13"><span class='ocrx_word' id='word_1_151' title='bbox 62 1307 122 1338; x_wconf 84' lang='lat' dir='ltr'><strong>est,</strong></span> <span class='ocrx_word' id='word_1_152' title='bbox 156 1311 225 1330; x_wconf 76' lang='lat' dir='ltr'><strong>esse</strong></span> <span class='ocrx_word' id='word_1_153' title='bbox 250 1296 387 1342; x_wconf 83' lang='lat' dir='ltr'><strong>quidem</strong></span> <span class='ocrx_word' id='word_1_154' title='bbox 418 1310 554 1329; x_wconf 83' lang='lat' dir='ltr'><strong>omnem</strong></span> <span class='ocrx_word' id='word_1_155' title='bbox 584 1298 694 1339; x_wconf 81' lang='lat' dir='ltr'><strong>legem</strong></span> <span class='ocrx_word' id='word_1_156' title='bbox 722 1298 948 1343; x_wconf 79' lang='lat' dir='ltr'><strong>spiritualem:</strong></span> <span class='ocrx_word' id='word_1_157' title='bbox 980 1312 1049 1330; x_wconf 86' lang='lat' dir='ltr'><strong>non</strong></span> <span class='ocrx_word' id='word_1_158' title='bbox 1079 1307 1191 1330; x_wconf 80' lang='lat' dir='ltr'><strong>tamen</strong></span> 
     </span>
     <span class='ocr_line' id='line_1_21' title="bbox 60 1357 1190 1403; baseline -0.002 -11"><span class='ocrx_word' id='word_1_159' title='bbox 60 1372 117 1399; x_wconf 80' lang='lat' dir='ltr'><strong>ea,</strong></span> <span class='ocrx_word' id='word_1_160' title='bbox 140 1372 225 1403; x_wconf 81' lang='lat' dir='ltr'><strong>quae</strong></span> <span class='ocrx_word' id='word_1_161' title='bbox 248 1357 368 1402; x_wconf 80' lang='lat' dir='ltr'><strong>spirat,</strong></span> <span class='ocrx_word' id='word_1_162' title='bbox 403 1358 455 1391; x_wconf 86' lang='lat' dir='ltr'><strong>lex</strong></span> <span class='ocrx_word' id='word_1_163' title='bbox 481 1371 551 1392; x_wconf 85' lang='lat' dir='ltr'><strong>esse</strong></span> <span class='ocrx_word' id='word_1_164' title='bbox 576 1359 778 1402; x_wconf 62' lang='lat' dir='ltr'><strong>omnibusss)</strong></span> <span class='ocrx_word' id='word_1_165' title='bbox 803 1369 901 1400; x_wconf 82' lang='lat' dir='ltr'><strong>nota,</strong></span> <span class='ocrx_word' id='word_1_166' title='bbox 936 1359 999 1392; x_wconf 81' lang='lat' dir='ltr'><strong>nisi</strong></span> <span class='ocrx_word' id='word_1_167' title='bbox 1022 1359 1073 1392; x_wconf 82' lang='lat' dir='ltr'><strong>his</strong></span> <span class='ocrx_word' id='word_1_168' title='bbox 1097 1358 1190 1403; x_wconf 72' lang='lat' dir='ltr'><strong>solis,</strong></span> 
     </span>
     <span class='ocr_line' id='line_1_22' title="bbox 59 1419 1187 1467; baseline 0.001 -15"><span class='ocrx_word' id='word_1_169' title='bbox 59 1420 178 1465; x_wconf 82' lang='lat' dir='ltr'><strong>quibus</strong></span> <span class='ocrx_word' id='word_1_170' title='bbox 202 1419 304 1462; x_wconf 80' lang='lat' dir='ltr'><strong>gratia</strong></span> <span class='ocrx_word' id='word_1_171' title='bbox 328 1419 473 1464; x_wconf 76' lang='lat' dir='ltr'><strong>Spiritus</strong></span> <span class='ocrx_word' id='word_1_172' title='bbox 497 1420 603 1453; x_wconf 83' lang='lat' dir='ltr'><strong>sancti</strong></span> <span class='ocrx_word' id='word_1_173' title='bbox 627 1420 661 1453; x_wconf 84' lang='lat' dir='ltr'><strong>in</strong></span> <span class='ocrx_word' id='word_1_174' title='bbox 684 1422 790 1454; x_wconf 86' lang='lat' dir='ltr'>verbo</span> <span class='ocrx_word' id='word_1_175' title='bbox 819 1421 1001 1467; x_wconf 79' lang='lat' dir='ltr'>sapientiae</span> <span class='ocrx_word' id='word_1_176' title='bbox 1025 1434 1064 1454; x_wconf 79' lang='lat' dir='ltr'><strong>ac</strong></span> <span class='ocrx_word' id='word_1_177' title='bbox 1080 1420 1187 1453; x_wconf 84' lang='lat' dir='ltr'><strong>scien-</strong></span> 
     </span>
    </p>
   </div>
   <div class='ocr_carea' id='block_1_3' title="bbox 58 1481 416 1526">
    <p class='ocr_par' dir='ltr' id='par_1_5' title="bbox 58 1481 416 1526">
     <span class='ocr_line' id='line_1_23' title="bbox 58 1481 416 1526; baseline -0.003 -12"><span class='ocrx_word' id='word_1_178' title='bbox 58 1482 122 1514; x_wconf 79' lang='lat' dir='ltr'><strong>tiae</strong></span> <span class='ocrx_word' id='word_1_179' title='bbox 147 1481 367 1514; x_wconf 72' lang='lat' dir='ltr'><strong>condonatur.</strong></span> <span class='ocrx_word' id='word_1_180' title='bbox 381 1481 416 1526; x_wconf 80' lang='lat'><strong>9)</strong></span> 
     </span>
    </p>
   </div>
   <div class='ocr_carea' id='block_1_4' title="bbox 185 1553 322 1560">
    <p class='ocr_par' dir='ltr' id='par_1_6' title="bbox 185 1553 322 1560">
     <span class='ocr_line' id='line_1_24' title="bbox 185 1553 322 1560; baseline 0 0"><span class='ocrx_word' id='word_1_181' title='bbox 185 1553 322 1560; x_wconf 95' lang='lat' dir='ltr'><strong> </strong></span> 
     </span>
    </p>
   </div>
   <div class='ocr_carea' id='block_1_5' title="bbox 57 1592 1185 1729">
    <p class='ocr_par' dir='ltr' id='par_1_7' title="bbox 57 1592 1185 1729">
     <span class='ocr_line' id='line_1_25' title="bbox 152 1592 1184 1639; baseline -0.001 -13"><span class='ocrx_word' id='word_1_182' title='bbox 152 1594 182 1638; x_wconf 83' lang='lat'><strong>¹)</strong></span> <span class='ocrx_word' id='word_1_183' title='bbox 207 1592 265 1626; x_wconf 81' lang='lat' dir='ltr'><strong>Sic</strong></span> <span class='ocrx_word' id='word_1_184' title='bbox 288 1592 368 1626; x_wconf 85' lang='lat' dir='ltr'><strong>Mss.</strong></span> <span class='ocrx_word' id='word_1_185' title='bbox 410 1592 502 1625; x_wconf 80' lang='lat' dir='ltr'><strong>Libri</strong></span> <span class='ocrx_word' id='word_1_186' title='bbox 527 1603 639 1626; x_wconf 84' lang='lat' dir='ltr'><strong>autem</strong></span> <span class='ocrx_word' id='word_1_187' title='bbox 663 1594 745 1628; x_wconf 82' lang='lat' dir='ltr'><strong>editi</strong></span> <span class='ocrx_word' id='word_1_188' title='bbox 769 1596 815 1639; x_wconf 90' lang='lat' dir='ltr'><strong>(v.</strong></span> <span class='ocrx_word' id='word_1_189' title='bbox 842 1609 868 1627; x_wconf 93' lang='lat' dir='ltr'><strong>c.</strong></span> <span class='ocrx_word' id='word_1_190' title='bbox 894 1595 969 1627; x_wconf 80' lang='lat' dir='ltr'><strong>edd.</strong></span> <span class='ocrx_word' id='word_1_191' title='bbox 985 1594 1050 1635; x_wconf 87' lang='lat' dir='ltr'><strong>M.)</strong></span> <span class='ocrx_word' id='word_1_192' title='bbox 1077 1593 1184 1633; x_wconf 84' lang='lat' dir='ltr'><strong>„illud</strong></span> 
     </span>
     <span class='ocr_line' id='line_1_26' title="bbox 60 1637 1185 1685; baseline -0.002 -13"><span class='ocrx_word' id='word_1_193' title='bbox 60 1638 280 1672; x_wconf 76' lang='lat' dir='ltr'><strong>ecclesiastica</strong></span> <span class='ocrx_word' id='word_1_194' title='bbox 303 1637 553 1683; x_wconf 78' lang='lat' dir='ltr'><strong>praedicatione</strong></span> <span class='ocrx_word' id='word_1_195' title='bbox 579 1640 789 1685; x_wconf 75' lang='lat' dir='ltr'><strong>definitum‚“</strong></span> <span class='ocrx_word' id='word_1_196' title='bbox 820 1641 889 1685; x_wconf 86' lang='lat' dir='ltr'><strong>(ed.</strong></span> <span class='ocrx_word' id='word_1_197' title='bbox 911 1640 960 1673; x_wconf 88' lang='lat' dir='ltr'><strong>M.</strong></span> <span class='ocrx_word' id='word_1_198' title='bbox 986 1640 1012 1671; x_wconf 93' lang='lat' dir='ltr'><strong>l.</strong></span> <span class='ocrx_word' id='word_1_199' title='bbox 1039 1637 1185 1680; x_wconf 81' lang='lat' dir='ltr'><strong>„diffini-</strong></span> 
     </span>
     <span class='ocr_line' id='line_1_27' title="bbox 57 1683 480 1729; baseline -0.002 -12"><span class='ocrx_word' id='word_1_200' title='bbox 57 1684 168 1729; x_wconf 84' lang='lat' dir='ltr'><strong>tum“)</strong></span> <span class='ocrx_word' id='word_1_201' title='bbox 193 1683 327 1728; x_wconf 86' lang='lat' dir='ltr'><strong>„quod“</strong></span> <span class='ocrx_word' id='word_1_202' title='bbox 354 1691 416 1715; x_wconf 80' lang='lat' dir='ltr'><strong>etc.</strong></span> <span class='ocrx_word' id='word_1_203' title='bbox 440 1683 480 1716; x_wconf 85' lang='lat' dir='ltr'><strong>R.</strong></span> 
     </span>
    </p>
   </div>
   <div class='ocr_carea' id='block_1_6' title="bbox 145 1737 1185 2008">
    <p class='ocr_par' dir='ltr' id='par_1_8' title="bbox 145 1737 652 1785">
     <span class='ocr_line' id='line_1_28' title="bbox 145 1737 652 1785; baseline 0.002 -13"><span class='ocrx_word' id='word_1_204' title='bbox 145 1740 179 1785; x_wconf 87' lang='lat'><strong>²)</strong></span> <span class='ocrx_word' id='word_1_205' title='bbox 203 1740 309 1772; x_wconf 80' lang='lat' dir='ltr'>Deest</span> <span class='ocrx_word' id='word_1_206' title='bbox 334 1738 417 1781; x_wconf 59' lang='lat' dir='ltr'><strong>„siv‘</strong></span> <span class='ocrx_word' id='word_1_207' title='bbox 443 1737 479 1771; x_wconf 88' lang='lat' dir='ltr'><strong>in</strong></span> <span class='ocrx_word' id='word_1_208' title='bbox 503 1740 580 1774; x_wconf 78' lang='lat' dir='ltr'><strong>edd.</strong></span> <span class='ocrx_word' id='word_1_209' title='bbox 605 1741 652 1773; x_wconf 90' lang='lat' dir='ltr'><strong>M.</strong></span> 
     </span>
    </p>

    <p class='ocr_par' dir='ltr' id='par_1_9' title="bbox 149 1796 722 1841">
     <span class='ocr_line' id='line_1_29' title="bbox 149 1796 722 1841; baseline 0.002 -12"><span class='ocrx_word' id='word_1_210' title='bbox 149 1796 183 1841; x_wconf 84' lang='lat'><strong>³)</strong></span> <span class='ocrx_word' id='word_1_211' title='bbox 207 1796 341 1829; x_wconf 74' lang='lat' dir='ltr'><strong>Januar.</strong></span> <span class='ocrx_word' id='word_1_212' title='bbox 366 1797 608 1839; x_wconf 81' lang='lat' dir='ltr'><strong>„postmodum</strong></span> <span class='ocrx_word' id='word_1_213' title='bbox 627 1797 722 1830; x_wconf 81' lang='lat' dir='ltr'><strong>erit.“</strong></span> 
     </span>
    </p>

    <p class='ocr_par' dir='ltr' id='par_1_10' title="bbox 146 1851 1185 2008">
     <span class='ocr_line' id='line_1_30' title="bbox 146 1851 1185 1896; baseline 0.001 -12"><span class='ocrx_word' id='word_1_214' title='bbox 146 1852 180 1895; x_wconf 78' lang='lat'><strong>⁴)</strong></span> <span class='ocrx_word' id='word_1_215' title='bbox 205 1851 263 1884; x_wconf 83' lang='lat' dir='ltr'><strong>Sic</strong></span> <span class='ocrx_word' id='word_1_216' title='bbox 287 1851 367 1885; x_wconf 88' lang='lat' dir='ltr'><strong>Mss.</strong></span> <span class='ocrx_word' id='word_1_217' title='bbox 402 1851 493 1884; x_wconf 82' lang='lat' dir='ltr'><strong>Alias</strong></span> <span class='ocrx_word' id='word_1_218' title='bbox 517 1853 564 1896; x_wconf 74' lang='lat' dir='ltr'><strong>(V.</strong></span> <span class='ocrx_word' id='word_1_219' title='bbox 589 1865 616 1886; x_wconf 87' lang='lat' dir='ltr'><strong>c.</strong></span> <span class='ocrx_word' id='word_1_220' title='bbox 640 1854 674 1886; x_wconf 84' lang='lat' dir='ltr'><strong>in</strong></span> <span class='ocrx_word' id='word_1_221' title='bbox 699 1852 774 1885; x_wconf 87' lang='lat' dir='ltr'><strong>edd.</strong></span> <span class='ocrx_word' id='word_1_222' title='bbox 799 1852 864 1896; x_wconf 87' lang='grc' dir='ltr'><strong>Μ.)</strong></span> <span class='ocrx_word' id='word_1_223' title='bbox 892 1851 1117 1893; x_wconf 77' lang='lat' dir='ltr'><strong>„evidenter-‘⁴</strong></span> <span class='ocrx_word' id='word_1_224' title='bbox 1142 1851 1185 1885; x_wconf 69' lang='lat' dir='ltr'><strong>R.</strong></span> 
     </span>
     <span class='ocr_line' id='line_1_31' title="bbox 150 1906 1182 1952; baseline 0.001 -14"><span class='ocrx_word' id='word_1_225' title='bbox 150 1907 182 1950; x_wconf 83' lang='lat'><strong>⁵)</strong></span> <span class='ocrx_word' id='word_1_226' title='bbox 208 1906 264 1939; x_wconf 87' lang='lat' dir='ltr'><strong>Sic</strong></span> <span class='ocrx_word' id='word_1_227' title='bbox 287 1907 367 1941; x_wconf 80' lang='lat' dir='ltr'><strong>Mss.</strong></span> <span class='ocrx_word' id='word_1_228' title='bbox 409 1907 498 1940; x_wconf 79' lang='lat' dir='ltr'><strong>Alias</strong></span> <span class='ocrx_word' id='word_1_229' title='bbox 524 1909 571 1952; x_wconf 77' lang='lat' dir='ltr'><strong>(V.</strong></span> <span class='ocrx_word' id='word_1_230' title='bbox 597 1921 623 1941; x_wconf 92' lang='lat' dir='ltr'><strong>c.</strong></span> <span class='ocrx_word' id='word_1_231' title='bbox 648 1909 681 1941; x_wconf 90' lang='lat' dir='ltr'><strong>in</strong></span> <span class='ocrx_word' id='word_1_232' title='bbox 707 1909 783 1942; x_wconf 84' lang='lat' dir='ltr'><strong>edd.</strong></span> <span class='ocrx_word' id='word_1_233' title='bbox 808 1908 873 1951; x_wconf 87' lang='lat' dir='ltr'><strong>M.)</strong></span> <span class='ocrx_word' id='word_1_234' title='bbox 906 1910 1108 1949; x_wconf 81' lang='lat' dir='ltr'><strong>„sanctum.“</strong></span> <span class='ocrx_word' id='word_1_235' title='bbox 1141 1907 1182 1939; x_wconf 86' lang='lat' dir='ltr'><strong>R.</strong></span> 
     </span>
     <span class='ocr_line' id='line_1_32' title="bbox 148 1962 1182 2008; baseline -0.001 -13"><span class='ocrx_word' id='word_1_236' title='bbox 148 1963 183 2006; x_wconf 70' lang='grc'><strong>6)</strong></span> <span class='ocrx_word' id='word_1_237' title='bbox 208 1962 265 1995; x_wconf 87' lang='lat' dir='ltr'><strong>Sic</strong></span> <span class='ocrx_word' id='word_1_238' title='bbox 289 1962 368 1996; x_wconf 83' lang='lat' dir='ltr'><strong>Mss.</strong></span> <span class='ocrx_word' id='word_1_239' title='bbox 406 1964 497 1996; x_wconf 76' lang='lat' dir='ltr'><strong>Alias</strong></span> <span class='ocrx_word' id='word_1_240' title='bbox 521 1978 601 1997; x_wconf 81' lang='lat' dir='ltr'>vero</span> <span class='ocrx_word' id='word_1_241' title='bbox 632 1967 683 2008; x_wconf 57' lang='lat' dir='ltr'>(v.‚</span> <span class='ocrx_word' id='word_1_242' title='bbox 704 1976 734 1996; x_wconf 87' lang='lat' dir='ltr'><strong>c.</strong></span> <span class='ocrx_word' id='word_1_243' title='bbox 758 1964 791 1995; x_wconf 89' lang='lat' dir='ltr'><strong>in</strong></span> <span class='ocrx_word' id='word_1_244' title='bbox 817 1964 892 1996; x_wconf 86' lang='lat' dir='ltr'><strong>edd.</strong></span> <span class='ocrx_word' id='word_1_245' title='bbox 917 1964 983 2007; x_wconf 88' lang='lat' dir='ltr'><strong>M.)</strong></span> <span class='ocrx_word' id='word_1_246' title='bbox 1016 1964 1182 2004; x_wconf 75' lang='lat' dir='ltr'>„Formae</span> 
     </span>
    </p>
   </div>
   <div class='ocr_carea' id='block_1_7' title="bbox 59 2007 1180 2095">
    <p class='ocr_par' dir='ltr' id='par_1_11' title="bbox 59 2007 1180 2095">
     <span class='ocr_line' id='line_1_33' title="bbox 59 2007 1180 2053; baseline -0.001 -12"><span class='ocrx_word' id='word_1_247' title='bbox 59 2008 146 2041; x_wconf 82' lang='lat' dir='ltr'><strong>enim</strong></span> <span class='ocrx_word' id='word_1_248' title='bbox 181 2007 279 2046; x_wconf 82' lang='lat' dir='ltr'>haec,</span> <span class='ocrx_word' id='word_1_249' title='bbox 312 2020 396 2051; x_wconf 83' lang='lat' dir='ltr'><strong>quae</strong></span> <span class='ocrx_word' id='word_1_250' title='bbox 425 2008 548 2053; x_wconf 75' lang='lat' dir='ltr'><strong>scripta</strong></span> <span class='ocrx_word' id='word_1_251' title='bbox 575 2020 668 2049; x_wconf 80' lang='lat' dir='ltr'><strong>sunt,</strong></span> <span class='ocrx_word' id='word_1_252' title='bbox 691 2018 974 2041; x_wconf 80' lang='lat' dir='ltr'><strong>sacramentorum</strong></span> <span class='ocrx_word' id='word_1_253' title='bbox 999 2028 1060 2048; x_wconf 89' lang='lat'><strong>--,</strong></span> <span class='ocrx_word' id='word_1_254' title='bbox 1083 2018 1117 2040; x_wconf 84' lang='lat' dir='ltr'><strong>et</strong></span> <span class='ocrx_word' id='word_1_255' title='bbox 1142 2025 1180 2031; x_wconf 91' lang='lat'>—</span> 
     </span>
     <span class='ocr_line' id='line_1_34' title="bbox 59 2052 416 2095; baseline -0.003 -8"><span class='ocrx_word' id='word_1_256' title='bbox 59 2052 216 2095; x_wconf 78' lang='lat' dir='ltr'>imagines</span> <span class='ocrx_word' id='word_1_257' title='bbox 240 2056 351 2085; x_wconf 78' lang='lat' dir='ltr'><strong>sunt.&#39;·⁴</strong></span> <span class='ocrx_word' id='word_1_258' title='bbox 376 2053 416 2086; x_wconf 80' lang='lat' dir='ltr'><strong>R.</strong></span> 
     </span>
    </p>
   </div>
   <div class='ocr_carea' id='block_1_8' title="bbox 152 2107 1180 2155">
    <p class='ocr_par' dir='ltr' id='par_1_12' title="bbox 152 2107 1180 2155">
     <span class='ocr_line' id='line_1_35' title="bbox 152 2107 1180 2155; baseline -0.002 -13"><span class='ocrx_word' id='word_1_259' title='bbox 152 2109 185 2153; x_wconf 84' lang='lat'><strong>⁷)</strong></span> <span class='ocrx_word' id='word_1_260' title='bbox 210 2107 266 2142; x_wconf 88' lang='lat' dir='ltr'><strong>Sic</strong></span> <span class='ocrx_word' id='word_1_261' title='bbox 291 2108 371 2142; x_wconf 82' lang='lat' dir='ltr'><strong>Mss.</strong></span> <span class='ocrx_word' id='word_1_262' title='bbox 409 2108 502 2141; x_wconf 83' lang='lat' dir='ltr'><strong>Libri</strong></span> <span class='ocrx_word' id='word_1_263' title='bbox 536 2109 619 2142; x_wconf 81' lang='lat' dir='ltr'><strong>editi</strong></span> <span class='ocrx_word' id='word_1_264' title='bbox 651 2111 698 2155; x_wconf 74' lang='lat' dir='ltr'><strong>(v,</strong></span> <span class='ocrx_word' id='word_1_265' title='bbox 731 2124 758 2144; x_wconf 88' lang='lat' dir='ltr'><strong>c.</strong></span> <span class='ocrx_word' id='word_1_266' title='bbox 794 2111 870 2143; x_wconf 83' lang='lat' dir='ltr'><strong>edd.</strong></span> <span class='ocrx_word' id='word_1_267' title='bbox 902 2111 967 2155; x_wconf 90' lang='grc' dir='ltr'><strong>Μ.)</strong></span> <span class='ocrx_word' id='word_1_268' title='bbox 1003 2122 1106 2153; x_wconf 87' lang='lat' dir='ltr'><strong>„unus</strong></span> <span class='ocrx_word' id='word_1_269' title='bbox 1133 2118 1180 2140; x_wconf 81' lang='lat' dir='ltr'><strong>est</strong></span> 
     </span>
    </p>
   </div>
   <div class='ocr_carea' id='block_1_9' title="bbox 58 2154 1181 2334">
    <p class='ocr_par' dir='ltr' id='par_1_13' title="bbox 58 2154 1016 2198">
     <span class='ocr_line' id='line_1_36' title="bbox 58 2154 1016 2198; baseline 0.001 -11"><span class='ocrx_word' id='word_1_270' title='bbox 58 2167 182 2193; x_wconf 76' lang='lat' dir='ltr'><strong>sensus,</strong></span> <span class='ocrx_word' id='word_1_271' title='bbox 206 2156 297 2186; x_wconf 79' lang='lat' dir='ltr'>esse“</span> <span class='ocrx_word' id='word_1_272' title='bbox 325 2154 450 2190; x_wconf 57' lang='lat' dir='ltr'><strong>etc.‚R.</strong></span> <span class='ocrx_word' id='word_1_273' title='bbox 551 2154 588 2198; x_wconf 86' lang='grc'><strong>8)</strong></span> <span class='ocrx_word' id='word_1_274' title='bbox 612 2156 745 2190; x_wconf 80' lang='lat' dir='ltr'><strong>Januar.</strong></span> <span class='ocrx_word' id='word_1_275' title='bbox 773 2156 1016 2198; x_wconf 83' lang='lat' dir='ltr'><strong>„hominibus.“</strong></span> 
     </span>
    </p>

    <p class='ocr_par' dir='ltr' id='par_1_14' title="bbox 60 2207 1181 2334">
     <span class='ocr_line' id='line_1_37' title="bbox 150 2207 1178 2255; baseline -0.001 -14"><span class='ocrx_word' id='word_1_276' title='bbox 150 2207 183 2253; x_wconf 79' lang='lat'><strong>⁹)</strong></span> <span class='ocrx_word' id='word_1_277' title='bbox 210 2210 247 2242; x_wconf 88' lang='lat' dir='ltr'><strong>ln</strong></span> <span class='ocrx_word' id='word_1_278' title='bbox 272 2208 369 2242; x_wconf 81' lang='lat' dir='ltr'><strong>editis</strong></span> <span class='ocrx_word' id='word_1_279' title='bbox 393 2209 439 2253; x_wconf 91' lang='lat' dir='ltr'><strong>(v.</strong></span> <span class='ocrx_word' id='word_1_280' title='bbox 465 2223 491 2242; x_wconf 88' lang='lat' dir='ltr'><strong>e.</strong></span> <span class='ocrx_word' id='word_1_281' title='bbox 517 2210 592 2242; x_wconf 86' lang='lat' dir='ltr'><strong>edd.</strong></span> <span class='ocrx_word' id='word_1_282' title='bbox 606 2211 671 2255; x_wconf 85' lang='lat' dir='ltr'><strong>M)</strong></span> <span class='ocrx_word' id='word_1_283' title='bbox 695 2211 844 2245; x_wconf 78' lang='lat' dir='ltr'><strong>additur:</strong></span> <span class='ocrx_word' id='word_1_284' title='bbox 871 2221 940 2253; x_wconf 84' lang='lat' dir='ltr'><strong>„sat</strong></span> <span class='ocrx_word' id='word_1_285' title='bbox 963 2210 1178 2255; x_wconf 83' lang='lat' dir='ltr'><strong>insequitur.“</strong></span> 
     </span>
     <span class='ocr_line' id='line_1_38' title="bbox 60 2254 1181 2332; baseline 0 -45"><span class='ocrx_word' id='word_1_286' title='bbox 60 2254 164 2306; x_wconf 71' lang='lat' dir='ltr'><strong>Quod</strong></span> <span class='ocrx_word' id='word_1_287' title='bbox 196 2268 271 2332; x_wconf 47' lang='grc' dir='ltr'><strong>οΙιίιω</strong></span> <span class='ocrx_word' id='word_1_288' title='bbox 303 2254 336 2288; x_wconf 82' lang='grc' dir='ltr'><strong>ἰι]</strong></span> <span class='ocrx_word' id='word_1_289' title='bbox 369 2254 523 2288; x_wconf 85' lang='lat' dir='ltr'><strong>omnibus</strong></span> <span class='ocrx_word' id='word_1_290' title='bbox 556 2255 634 2288; x_wconf 84' lang='lat' dir='ltr'><strong>Mss.</strong></span> <span class='ocrx_word' id='word_1_291' title='bbox 658 2256 760 2296; x_wconf 82' lang='lat' dir='ltr'><strong>desit,</strong></span> <span class='ocrx_word' id='word_1_292' title='bbox 789 2257 1005 2291; x_wconf 79' lang='lat' dir='ltr'><strong>resecandum</strong></span> <span class='ocrx_word' id='word_1_293' title='bbox 1029 2268 1098 2289; x_wconf 76' lang='lat' dir='ltr'><strong>esse</strong></span> <span class='ocrx_word' id='word_1_294' title='bbox 1122 2254 1181 2286; x_wconf 88' lang='lat' dir='ltr'><strong>du-</strong></span> 
     </span>
     <span class='ocr_line' id='line_1_39' title="bbox 61 2310 817 2334; baseline 0.012 -2"><span class='ocrx_word' id='word_1_295' title='bbox 61 2313 179 2333; x_wconf 73' lang='lat' dir='ltr'><strong>ximus.</strong></span> <span class='ocrx_word' id='word_1_296' title='bbox 238 2326 246 2334; x_wconf 86' lang='lat'>.</span> <span class='ocrx_word' id='word_1_297' title='bbox 812 2310 817 2313; x_wconf 36' lang='lat'>⁸</span> 
     </span>
    </p>
   </div>
  </div>
 </body>
</html>
