1404 2463
177 110 220 145 18
655 111 831 145 Oumzms

180 200 238 245 qui
260 199 404 243 Spiritus
429 200 517 233 dona
542 201 740 234 excellentia
755 201 787 246 ¹)
819 210 1045 240 mereremur,
1080 211 1112 233 et
1134 202 1313 247 praecipue

179 261 352 301 sermonis,
378 260 558 305 sapientiae
584 270 617 294 et
640 261 798 294 scientiae
817 262 955 305 gratiam
969 263 1002 306 2)
1032 275 1093 307 per
1109 262 1219 307 ipsum
1235 264 1314 308 Spi-

178 324 280 356 ritum
305 331 455 356 sanctum
479 322 726 367 percepissent:
743 324 778 368 ³)
804 325 846 356 de
873 324 946 356 aliis
964 337 1043 356 vero
1062 324 1216 357 dixerunt
1241 325 1315 370 qui-

179 386 268 429 dem,
285 384 319 429 ⁴)
344 383 420 429 quia
445 383 529 425 sint;
554 385 730 428 quomodo
755 394 883 425 autem,
909 395 965 418 aut
990 386 1079 417 unde
1104 384 1188 425 sint,
1212 386 1313 419 silue-

180 455 275 486 runt,
304 445 463 490 profecto
493 453 532 476 ut
561 444 779 478 studiosiores
805 446 928 490 quique
948 448 980 489 ⁵)
1006 459 1043 479 ex
1067 446 1212 491 posteris
1236 447 1314 487 suis,

179 508 237 553 qui
262 516 426 539 amatores
450 514 559 538 essent
582 506 776 550 sapientiae,
802 507 997 540 exercitium
1019 509 1141 541 habere
1166 518 1314 552 possent,

180 571 214 603 in
240 582 306 614 quo
337 567 459 609 ingenii
490 567 539 599 sui
570 568 716 600 fructum
743 569 974 608 ostenderent,
998 569 1032 601 hi
1056 569 1233 610 videlicet,
1258 571 1316 615 qui

183 631 300 673 dignos
330 641 364 661 se
397 638 430 661 et
460 640 596 673 capaces
627 629 669 661 ad
700 628 931 673 recipiendam
954 630 1150 675 sapientiam
1174 644 1316 676 praepa-

182 701 302 726 rarent.

271 754 302 787 4.
350 752 488 797 Species
500 751 534 795 ε)
561 764 640 784 vero
660 763 778 784 eorum
799 764 883 796 quae
902 765 963 796 per
979 753 1266 797 praedicationem
1281 755 1314 799 ⁷)

181 814 404 861 apostolicam
429 811 603 845 manifeste
628 812 815 853 traduntur,
842 812 924 845 istae
942 824 1027 847 sunt.
1067 815 1197 856 Primo,
1223 817 1314 861 quod

180 891 265 910 unus
288 877 382 909 Deus
407 883 467 913 est,
492 874 550 918 qui
575 873 688 906 omnia
712 873 838 906 creavit
869 883 969 919 atque
1003 877 1212 921 composuit,
1243 877 1315 922 qui·

181 951 257 984 que,
268 939 303 982 8)
329 949 405 970 cum
419 934 504 967 nihil
519 944 614 976 esset,
627 934 660 979 ⁹)
687 948 757 967 esse
774 934 855 969 fecit
871 935 1036 977 universa,
1059 938 1153 970 Deus
1169 950 1188 970 a
1204 938 1313 982 prima

182 1008 331 1032 creatura
356 1007 389 1030 et
412 995 607 1029 conditione
632 996 758 1035 mundi,
775 998 828 1041 ¹⁰)
855 998 1006 1030 omnium
1026 998 1192 1044 justorum
1209 1000 1314 1040 Deus,

276 1184 310 1228 ¹)
334 1182 390 1217 Sic
415 1192 530 1213 omnes
555 1180 635 1212 Mss.
684 1180 723 1211 In
747 1190 842 1212 antea
867 1181 965 1213 editis
987 1182 1035 1226 (v.
1061 1195 1088 1215 c.
1112 1183 1164 1216 ed.
1190 1184 1235 1217 M.
1253 1184 1313 1228 ll.)

182 1229 324 1272 legitur:
350 1224 581 1265 »excellentia,
607 1234 639 1256 et
662 1225 843 1270 praecipue
867 1227 1063 1266 sermonis,«
1089 1228 1214 1261 omisso
1239 1241 1313 1262 voc.

184 1282 443 1309 »meret-emutat
477 1271 519 1303 R.
552 1289 593 1295 -
625 1269 688 1302 Ed.
718 1270 766 1302 M.
799 1270 823 1303 l.
858 1272 1092 1312 »excellentia,
1130 1273 1311 1318 praecipue

181 1319 284 1354 sancti
308 1316 517 1355 sermonis,«
549 1313 673 1347 omisso
698 1314 816 1347 itidem
843 1328 916 1351 voc,
943 1327 1208 1351 »mererentun«
1243 1319 1312 1352 cfr.

182 1377 253 1411 pag.
278 1363 346 1409 huj.
369 1371 441 1395 not.
465 1361 495 1395 3.
522 1360 600 1392 coll.
625 1360 640 1391 l
664 1360 743 1393 Cor.
767 1360 848 1399 XII,
872 1364 904 1394 ὅ.

275 1420 309 1463 2’)
332 1419 439 1452 Deest
465 1415 642 1458 »gratiam«
668 1415 702 1447 in
728 1415 803 1447 edd.
828 1416 878 1448 M.

274 1476 310 1519 ³)
332 1474 419 1507 Edd.
451 1473 501 1506 Μ.
535 1471 729 1516 »percipere
767 1472 1012 1504 merebantur.«
1047 1493 1087 1498 —
1130 1473 1199 1507 Cfr.
1237 1487 1309 1519 pag.

181 1521 248 1568 huj.
272 1529 343 1553 not.
368 1519 397 1554 1.
491 1517 524 1562 ⁴)
548 1517 612 1549 Ed.
635 1517 684 1549 M.
707 1516 732 1550 I.
759 1516 927 1560 »quidam.

275 1577 311 1619 ⁵)
335 1575 392 1609 Sic
423 1585 539 1606 omnes
569 1572 649 1605 Mss.
696 1573 735 1604 In
769 1582 864 1604 antea
897 1572 992 1605 editis
1017 1573 1063 1617 (v.
1088 1587 1116 1607 c.
1143 1575 1219 1607 edd.
1242 1576 1310 1618 M.)

184 1622 322 1664 legitur:
354 1631 510 1664 »quoque
545 1630 583 1649 ex
612 1616 756 1661 posteris
787 1617 854 1650 suis
878 1627 1043 1650 amatores
1069 1618 1250 1664 sapientiae
1277 1630 1308 1652 et

181 1666 339 1699 scientiae
369 1662 564 1696 exercitium
594 1661 716 1694 habere
745 1671 900 1706 possent,
928 1663 963 1695 in
997 1674 1065 1708 quo
1088 1682 1132 1690 —
1161 1666 1309 1698 fructum

184 1712 360 1744 ostendere
385 1711 543 1747 valerent,
567 1706 601 1739 hi
625 1707 792 1747 videlicet,
817 1707 874 1751 qui
899 1727 940 1733 —
967 1721 1102 1753 capaces
1126 1710 1307 1754 sapientiae

181 1763 447 1801 praepara-eun«
472 1753 513 1785 R.

275 1813 309 1855 ⁶)
333 1811 461 1843 Verba:
502 1808 660 1852 »Species
698 1819 801 1840 vero«
838 1819 949 1852 seqq.,
988 1821 1092 1853 usque
1129 1811 1171 1843 ad
1206 1812 1307 1844 verba

183 1870 273 1891 num,
296 1856 329 1891 8,
355 1855 496 1900 »quibus
521 1852 624 1896 gratia
647 1852 794 1896 Spiritus
817 1853 922 1885 sancti
945 1852 980 1885 in
1000 1856 1102 1887 verbo
1123 1855 1305 1900 sapientiae

181 1915 218 1934 ac
245 1900 402 1934 scientiae
429 1899 681 1938 condonatur,«
718 1897 874 1938 leguntur
904 1897 938 1930 in
969 1897 1057 1931 libro
1091 1901 1133 1933 de
1157 1902 1306 1934 incarna-

181 1947 274 1979 tione
300 1945 393 1978 verbi
424 1945 465 1976 ad
495 1943 691 1976 Januarium
712 1941 736 1975 I.
768 1954 841 1985 pag.
864 1940 918 1976 51.
948 1956 1016 1988 seq.
1054 1945 1124 1980 Cfr.
1147 1947 1303 1991 Append.

182 1992 274 2036 Opp.
309 1988 482 2032 Augustini
521 1990 572 2021 ed.
609 1987 737 2020 Bened.
767 1987 865 2021 Tom.
891 1988 984 2023 vlll.
1016 2009 1060 2013 —
1095 1991 1303 2036 subjungere

181 2036 235 2068 hic
261 2035 331 2068 illic
356 2035 454 2067 liceat
479 2033 671 2065 varietatem
697 2031 861 2072 lectionis,
885 2033 1043 2077 apposito
1067 2035 1217 2068 Januarii
1240 2049 1301 2068 no-

180 2081 280 2115 mine.
376 2081 408 2124 ⁷)
431 2079 494 2111 Ed.
519 2079 566 2111 M.
593 2078 617 2110 l.
645 2077 958 2121 »praedictionemu

271 2136 305 2180 ⁸)
329 2135 378 2168 Ita
402 2147 517 2167 omnes
541 2133 624 2167 Mas.
649 2132 782 2166 Merlin.
809 2142 841 2165 et
859 2133 1067 2167 Genebrard.
1095 2135 1238 2179 »quique
1263 2149 1301 2168 ex

177 2181 277 2213 nullis
300 2181 381 2213 fecit
404 2192 471 2212 esse
495 2178 677 2211 universas<
704 2179 743 2211 R.

269 2236 304 2281 ⁹)
327 2237 462 2268 Januar.
489 2244 646 2267 »essent«

251 2292 304 2336 Ι«0)
327 2291 390 2328 Ed.
415 2291 463 2325 M.
489 2291 515 2324 1.
542 2290 678 2323 »mundi
695 2300 728 2323 et
741 2291 890 2324 omnium
907 2289 1091 2336 justorum:
1116 2293 1216 2325 deusa
1234 2302 1297 2326 etc.
