1404 2463
176 131 243 167 416
672 130 847 164 Omcssms

179 221 253 254 finis
285 220 411 252 ablatio
445 220 543 252 lunae
576 219 815 264 app‹·llatus¹)
849 229 914 262 est;
954 221 1056 265 »et²)
1088 218 1319 252 domlnahitur

180 296 197 316 a
223 282 306 315 mari
339 294 444 327 usque
477 281 517 313 ad
543 294 653 323 mare,
683 291 716 314 et
741 295 758 314 a
783 281 923 314 flumine
947 294 1054 327 usque
1079 282 1120 314 a'd
1146 281 1229 313 fmes
1253 289 1321 312 ter-

181 347 268 377 rae.“
305 344 480 387 Datum³)
507 352 555 375 est
580 352 691 375 autem
717 352 750 375 et
774 343 904 385 signum
924 343 1042 376 domui
1059 342 1181 376 David.
1214 341 1319 383 Virgo

183 406 272 439 enim
297 406 333 438 in
345 406 378 450 ⁴)
403 416 502 438 utero
528 405 696 450 concepit,
721 415 754 438 et
778 405 912 450 peperit
936 405 1154 444 Emmanuel,
1181 403 1272 448 quod
1287 403 1322 447 ⁵)

182 477 230 501 est
254 468 533 512 interpretatum:
566 468 772 508 „Nobiscum
798 467 924 499 Deus.“
975 466 1127 507 „Scitote
1152 473 1265 508 gentes
1291 472 1324 505 get

183 529 387 563 vincimini.“
435 528 526 562 Victi
539 529 574 573 ⁶)
600 529 690 561 enim
715 541 830 561 sumus
857 537 889 560 et
913 528 1072 573 superati,
1097 527 1154 573 qui
1179 539 1218 558 ex
1243 538 1323 568 gen-

183 591 272 624 tibus
302 603 437 633 sumus,
479 600 512 623 et
543 591 637 624 velut
662 590 846 633 exuviae⁷)
873 590 1039 635 quaedam
1064 587 1225 621 victoriae
1250 587 1321 633 ejus

184 653 383 693 exsistimus,
409 651 466 696 qui
492 651 561 698 ejus
586 653 708 695 gratiae
735 652 824 685 colla
850 661 965 684 nostra
990 651 1204 696 subjecimus.
1252 648 1322 684 Sed

184 724 217 747 et
247 715 343 747 Iocus
372 713 553 747 nativitatis
584 713 655 759 ejus
687 713 881 758 praedictus
914 723 962 745 est
993 713 1027 745 in
1053 712 1212 746 Michaea
1243 723 1325 757 pro-

181 777 293 821 pheta,
323 775 472 808 dicente:
500 775 609 820 ‚,Et⁸)
634 785 671 807 tu
696 775 887 815 Bethleem,
912 784 999 807 terra
1013 775 1047 819 ⁹)
1073 775 1173 816 Juda‚
1197 786 1324 818 nequa-

183 851 284 883 quam
322 837 505 881 exiguam)
539 849 573 868 es
607 835 642 868 in
674 836 817 868 ducibus
840 835 947 868 Juda:
982 849 1021 868 ex
1055 845 1089 868 te
1121 835 1210 868 euim
1236 835 1325 867 exiet

185 900 269 938 dux,
296 899 352 944 qui
378 907 471 940 regat
494 897 663 942 populum
688 911 801 929 meum
826 898 963 930 Israel.“
1013 897 1080 931 Sed
1107 905 1141 929 et
1164 896 1324 941 septima-

181 973 243 993 nae
267 972 434 992 annorum
458 959 619 1004 impletae
645 969 722 992 sunt
745 972 852 1004 usque
867 960 875 978 ¹
890 959 921 1004 ¹)
946 960 989 992 ad
1014 959 1134 991 ducem
1152 958 1323 992 Christum

185 1035 265 1066 quas
297 1021 509 1066 praedixerat
534 1021 659 1053 Daniel
691 1020 790 1066 (161)
816 1020 991 1066 propheta.
1008 1021 1063 1064 ¹²)
1110 1020 1216 1054 Adest
1239 1019 1327 1053 nihi-

283 1190 314 1231 ¹)
340 1189 443 1233 Apol.
469 1188 612 1232 Pamph.
639 1188 831 1233 „appellata
857 1192 938 1223 est.“

277 1251 311 1294 2)
336 1251 471 1283 Ruaeus
489 1250 594 1294 Apol.
612 1249 754 1295 Pamph.
780 1250 846 1284 loc.
871 1250 962 1284 laud.
987 1250 1021 1283 in
1047 1260 1156 1284 textu:
1183 1261 1238 1294 „et
1263 1253 1324 1285 do-

185 1296 333 1329 minatur
358 1315 398 1321 —
425 1296 466 1328 ad
498 1307 608 1334 mare,
647 1304 680 1328 et
711 1308 729 1327 a
758 1295 897 1328 flumIne
928 1309 1034 1340 usque
1059 1297 1099 1329 ad
1124 1297 1207 1331 fines
1233 1298 1324 1331 orbis

185 1343 332 1381 te1·rae‚“
364 1340 399 1372 in
431 1341 540 1373 nutis:
576 1340 678 1381 „Mss.
711 1341 864 1385 quidam:
899 1347 931 1374 et
954 1343 1188 1376 dominabitur
1213 1362 1255 1368 —
1280 1344 1328 1376 ad

185 1399 300 1427 mare,
333 1393 365 1419 et
389 1398 411 1418 a
441 1387 581 1429 flumine
604 1398 711 1429 usque
735 1388 782 1419 ad
806 1387 967 1420 terminos
990 1387 1083 1421 orbis
1108 1394 1255 1422 terma«
1281 1407 1325 1413 —

184 1431 308 1464 Psalm.
335 1431 474 1470 LXXII,
497 1429 529 1464 8.
555 1431 712 1473 (Lxxr.)

277 1491 312 1535 3)
338 1491 409 1524 Cfr.
433 1491 534 1524 Jesai.
559 1491 637 1534 Vll,
663 1491 716 1525 14.
742 1492 821 1525 coll.
846 1491 968 1525 Matth.
987 1493 1015 1533 I,
1038 1491 1093 1527 23.

279 1547 312 1590 ⁴)
341 1547 443 1591 Apol.
467 1547 610 1591 Pamph.
636 1546 701 1579 loc.
729 1547 821 1580 laud.
849 1548 904 1589 „in
930 1557 1046 1580 vemt-e
1072 1548 1262 1593 concephss

278 1603 311 1645 ⁵)
338 1603 448 1647 Apol.
472 1603 617 1646 Pamph.
642 1602 709 1636 loc.
734 1602 814 1635 laud
839 1603 974 1642 rectius,
998 1603 1025 1635 si
1051 1604 1178 1637 Graeca
1205 1615 1325 1638 contu-

187 1648 283 1681 leris:
310 1648 426 1693 „quod
450 1647 710 1691 interpretatur:
737 1647 924 1680 Nobiscum
951 1649 1060 1681 Deus:
1087 1658 1120 1681 et
1144 1649 1324 1694 impletum

189 1703 257 1733 est,
295 1693 386 1738 quod
418 1692 464 1725 ait
495 1692 567 1736 ipse
601 1692 785 1736 propheta:
824 1693 1146 1727 NobiscumDeus.
1194 1695 1325 1729 Scitote

185 1748 316 1780 gentes,
356 1747 389 1770 et
428 1736 612 1770 vincimini.
675 1736 767 1770 Victi
804 1738 924 1771 enlm“
958 1749 1022 1772 etc.
1047 1760 1090 1765 —
1130 1739 1200 1773 Cfr.
1223 1740 1325 1773 Jesai.

184 1784 275 1824 VIII,
300 1783 332 1818 8.
357 1782 389 1817 9.

279 1845 312 1888 ⁶)
339 1845 440 1888 Apol.
466 1844 608 1888 Pamph.
634 1843 701 1876 loc.
728 1844 818 1877 laud.
845 1844 955 1885 „Victi
987 1844 1075 1877 enim
1108 1858 1169 1878 nos
1200 1859 1324 1889 sumus,

188 1899 219 1921 et
243 1889 392 1934 superati
417 1903 454 1922 ex
480 1889 652 1931 gentibus,
692 1898 726 1921 et
749 1890 842 1922 velut
867 1889 1005 1922 exuviae
1031 1890 1101 1936 ejus
1126 1891 1325 1931 exsistimus,

187 1934 243 1978 qui
270 1934 340 1980 ejus
366 1934 490 1977 gratiae
514 1943 628 1967 nostra
654 1933 742 1966 colla
766 1935 1002 1981 subjecimus«
1033 1952 1046 1957 ν’

282 1989 316 2034 ⁷)
341 1989 405 2022 Ed.
431 1990 480 2024 M.
508 1991 532 2023 I.
559 1989 753 2031 „eximiae.“

278 2044 312 2088 Β)
340 2045 411 2078 Csr.
437 2045 540 2079 Mich.
566 2046 607 2084 V,
631 2044 664 2078 2.
689 2044 767 2077 coll.
794 2044 915 2078 Matth.
940 2045 981 2088 II,
1005 2045 1036 2080 6,

279 2098 314 2143 ⁹)
339 2101 395 2133 Sic
414 2102 493 2134 Mss.
519 2101 557 2133 ln
583 2099 681 2133 editis
701 2101 748 2145 (v.
767 2114 793 2133 c.
814 2101 889 2133 edd.
906 2100 971 2145 M.)
991 2101 1100 2135 deest:
1128 2105 1322 2144 „terra.“R.

261 2154 314 2196 ¹⁰)
341 2154 397 2187 Sic
422 2156 503 2189 Mss.
529 2157 567 2189 In
593 2155 691 2188 editis
724 2156 772 2199 (v.
805 2168 832 2188 c.
858 2156 935 2188 edd.
961 2157 1027 2200 M.)
1061 2157 1198 2199 legitur:
1240 2158 1324 2200 „mi-

186 2198 307 2230 nima.“
333 2199 373 2232 R.

262 2260 316 2304 ¹¹)
340 2260 442 2303 Apol.
468 2260 610 2306 Pamph.
636 2262 702 2295 loc.
732 2262 820 2293 laud.
849 2275 976 2306 „usque
1001 2263 1043 2295 ad
1064 2262 1234 2295 Clu-Istum
1262 2263 1324 2295 du-

190 2318 273 2354 cem:
298 2309 399 2349 quas“
427 2314 491 2337 etc.
590 2307 644 2349 12)
671 2306 739 2340 Cfr.
767 2307 853 2339 Dan.
882 2307 940 2345 IX,
964 2308 1017 2341 24.

1387 2283 1392 2391 l

1386 2400 1391 2463 ι
