1404 2463
399 111 442 134 υε
470 101 661 133 ΡΜΝειΡυε
686 100 759 132 Lm.
786 99 823 131 ΙΙ.
1118 98 1180 132 177

58 190 169 235 impiis
200 190 429 233 gigantibus¹)
462 188 709 230 exstinguebat?
741 188 806 221 Sed
833 188 911 219 haec
946 187 988 219 ita
1021 188 1177 226 sentiunt,

58 251 134 297 quia
159 251 239 283 nihil
264 251 378 283 audire
402 251 486 282 ultra
500 251 533 293 ²)
559 249 687 282 literam
715 257 856 281 norunt:
889 247 1038 292 alioquin
1069 257 1179 280 oslen-

58 314 153 352 dant,
190 313 363 357 quomodo
395 310 517 356 justum
552 319 598 342 est
628 310 812 342 secundum
838 310 1030 352 literam‚³)
1055 309 1088 342 in
1113 319 1178 341 tel'ss

58 374 135 406 tiam
169 384 200 405 et
239 381 388 416 quartam
418 371 612 415 progeniem
644 380 820 414 parentum
853 369 949 403 reddi
980 380 1113 414 peccata
1145 371 1176 403 in

55 435 163 467 sinum
196 434 361 473 filiorum,
393 442 424 465 et
455 432 488 464 in
514 432 662 464 filiorum
688 431 836 476 ipsorum
861 432 949 464 filios
974 440 1051 476 post
1075 432 1174 476 ipsos.

57 498 86 528 A
118 495 214 527 nobis
251 503 358 527 autem
395 494 471 527 talia
501 494 561 526 ista
593 507 659 525 non
692 494 872 525 secundum
899 493 1027 525 literam
1051 492 1176 525 intelli-

55 565 193 598 guntur,
227 557 284 588 sed
314 555 398 588 sicut
422 555 577 588 Ezechiel
592 556 624 599 4)
657 554 770 587 docuit
802 555 995 598 parabolam
1029 567 1099 587 eam
1126 556 1176 587 di-

57 630 151 656 cens,
183 616 380 660 requirimus
412 616 491 661 quid
523 617 684 658 significet
714 615 876 648 introrsus
907 616 976 660 ipsa
1007 617 1174 660 parabola.

58 679 127 710 Sed
159 687 191 709 et
222 678 306 709 illud
340 678 462 711 debent
495 678 686 716 ostendere,
723 677 896 721 quomodo
920 676 1025 722 justus
1049 678 1106 716 sit,
1143 688 1175 710 et

55 752 117 783 pro
150 739 276 771 meritis
307 739 487 783 unicuique
519 738 722 781 retribuens,
762 739 817 783 qui
850 738 946 783 punit
968 748 1117 772 terrenos
1143 749 1175 773 et

55 800 246 839 diabolum,
287 813 361 832 cum
394 800 475 831 nihil
507 800 642 841 dignum
674 813 783 844 poena
813 800 1049 834 commiserint.
1097 801 1173 835 Non

54 861 141 893 enim
171 870 344 905 poterant,
379 861 405 893 si
437 862 620 894 secundum
645 862 725 894 istos
750 871 884 894 naturae
909 862 1016 894 malae
1041 872 1073 894 et
1097 875 1172 906 per-

0 938 2 950 ÷
53 922 141 955 ditae
171 931 282 963 erant,
318 923 444 967 aliquid
475 922 556 954 boni
588 935 692 964 agere.
741 924 824 955 Nam
856 933 886 955 et
913 924 1004 968 quod
1028 923 1172 968 judicem

53 996 129 1015 eum
162 984 293 1023 dicunt,
326 997 394 1015 non
427 993 492 1015 tam
519 993 704 1024 gestorum,
738 998 836 1029 quam
860 993 1050 1017 naturarum
1075 985 1172 1030 judex·

52 1046 199 1077 videtur:
238 1045 363 1089 quippe
401 1045 427 1077 si
460 1054 576 1077 natura
610 1046 696 1077 mala
727 1046 921 1078 benefacere
953 1059 1021 1078 non
1052 1056 1173 1090 potest,

53 1119 112 1138 nec
137 1107 224 1138 bona
250 1106 347 1139 male.
396 1107 483 1138 Tum
509 1107 628 1139 deiude
654 1120 748 1146 eum,
773 1119 870 1151 quem
896 1108 1021 1139 bonum
1047 1107 1171 1148 dicunt,

53 1168 79 1199 si
103 1169 144 1200 ad
171 1180 285 1199 omnes
309 1168 418 1199 bonus
451 1177 516 1206 est,
545 1167 615 1199 sine
640 1168 748 1212 dubiov
770 1177 802 1200 et
826 1169 865 1200 ad
892 1181 964 1207 eos,
1003 1168 1058 1212 qui
1083 1170 1171 1212 peri-

0 1247 1 1252 =
52 1229 117 1261 turi
150 1238 244 1271 sunt,
281 1229 388 1260 bonus
420 1237 486 1260 est:
525 1238 556 1260 et
590 1230 762 1272 quomodo
795 1242 862 1260 non
889 1242 944 1260 eos
969 1230 1096 1262 salvat?
1136 1231 1172 1263 Si

53 1302 121 1322 non
157 1291 243 1329 vult,
280 1289 343 1334 jam
374 1302 441 1321 non
474 1289 535 1321 erit
567 1291 691 1322 bonus:
728 1291 753 1322 si
779 1290 866 1330 vult,
902 1299 933 1322 et
960 1304 1026 1322 non
1052 1301 1172 1335 potest,

54 1351 266 1394 omnipotens
298 1363 364 1382 non
398 1350 468 1385 erit.
519 1350 608 1393 Quin
633 1351 745 1395 potius
770 1351 904 1383 audiant
929 1351 960 1383 in
986 1351 1171 1394 Evangeffis

52 1412 185 1444 Patrem
218 1412 357 1444 Domini
393 1411 496 1443 nostri
525 1412 605 1444 Jesu
639 1412 760 1444 Christi
790 1412 945 1456 ignem⁵)
976 1425 1173 1456 praeparan-

2 1511 4 1514 ,
51 1483 118 1506 tem
150 1473 306 1512 diabolo,
344 1482 376 1505 et
408 1473 531 1514 angelis
564 1473 643 1518 ejus,
690 1474 734 1506 Et
764 1474 937 1518 quomodo
968 1473 1055 1505 istud
1088 1487 1171 1518 opus

51 1544 116 1567 tam
130 1535 162 1578 Ε)
186 1535 348 1578 poenale,
382 1547 479 1578 quam
505 1533 614 1574 triste,
647 1536 828 1567 secundum
859 1547 989 1567 sensum
1021 1534 1170 1573 istorum,

52 1596 131 1628 boni
154 1596 220 1628 Dei
256 1595 444 1628 videbitur?
482 1596 549 1628 Sed
581 1605 614 1628 et
645 1597 715 1640 ipse
739 1597 892 1629 Salvator
923 1595 1003 1627 boni
1026 1596 1090 1627 Dei
1114 1595 1171 1627 Fi-

52 1657 113 1688 lius
145 1657 179 1688 in
202 1656 389 1698 Evangeliis
412 1666 632 1701 protestatur,
672 1666 704 1689 et
730 1657 825 1690 dicit:
864 1657 960 1700 „quia
976 1657 1007 1700 ⁷)
1031 1657 1057 1688 si
1081 1656 1170 1698 signa

55 1727 87 1749 ct
118 1717 268 1761 prodigia
301 1719 386 1750 sacta
418 1718 558 1750 fuissent
589 1717 622 1750 ἰη
655 1718 746 1763 Tyro
778 1727 809 1750 et
841 1717 984 1757 Sidone,
1024 1717 1104 1750 olim
1137 1718 1170 1750 in

148 1884 178 1927 ¹)
203 1884 307 1916 Deest
337 1884 369 1915 in
403 1883 499 1916 editis
531 1887 577 1928 (v,
612 1898 637 1917 c.
672 1885 746 1918 edd.
771 1885 851 1928 M),
890 1884 947 1917 sed
973 1885 1111 1916 habetur
1136 1884 1166 1916 in

53 1928 132 1961 Mss.
159 1929 393 1970 „gigantibus,“
418 1929 458 1962 R.

144 1985 177 2028 2)
202 1984 258 2017 Sic
284 1985 363 2017 Mss.
388 1985 479 2018 Libri
504 1985 583 2018 editi
609 1986 655 2029 (v,
681 1999 708 2018 c.
734 1986 809 2019 edd.
834 1985 899 2029 M.)
927 1988 1106 2029 »P1·aeter.“
1127 1986 1167 2019 R.

142 2041 176 2083 ³)
203 2040 271 2072 Cfr.
296 2040 396 2072 Deut.
423 2041 461 2080 V,
485 2041 517 2075 9.
611 2040 645 2085 ⁴)
671 2040 790 2073 Ezech.
814 2040 935 2079 XVIH,
958 2039 990 2078 3,

145 2095 416 2139 ⁵)C1r.Ma[th
441 2097 546 2136 XXV,
569 2096 622 2130 41

142 2152 175 2195 ⁶)
202 2151 256 2184 Sic
282 2152 360 2184 Mss.
388 2151 478 2183 Alias
511 2154 556 2196 (v.
590 2165 616 2183 c.
651 2151 683 2183 iu
709 2151 782 2183 edd
808 2151 872 2194 M.)
901 2161 987 2192 „tam
1013 2152 1166 2196 poenale,

52 2206 117 2228 tam
143 2196 246 2236 triste,
271 2198 452 2228 secuudum
476 2209 608 2229 sensum
634 2199 771 2228 εονιιιι]ιι
799 2204 858 2228 etc.
883 2197 922 2231 R.

141 2252 175 2295 ⁷)
199 2252 262 2286 Ed.
287 2253 336 2285 M.
365 2253 403 2285 ΙΙ.
428 2253 572 2296 ‚,quod.«
600 2272 639 2278 —
666 2251 782 2284 Matth.
805 2252 862 2292 XI,
886 2252 938 2287 21

97 2313 272 2346 Omossms
297 2314 421 2347 OPERA
446 2314 541 2347 Tom.
565 2314 656 2346 XXI.
829 2331 833 2335 -
931 2314 972 2347 12
