1404 2463
230 102 250 135 Γ»
681 109 895 139 ΑοΜοΝιτ-ιο.

234 191 374 232 enniani,
399 206 458 226 nec
482 194 570 227 illius
595 195 800 239 sapientiam,
824 206 884 226 nec
911 202 1009 231 tuam,
1035 191 1092 235 qui
1112 188 1349 235 interpretari5‚

233 251 418 296 intelligere
443 268 648 300 possumus«

323 315 353 348 4.
402 319 497 349 Anno
530 317 649 350 Christi
673 317 746 352 399.
800 316 1024 360 Hieronymus
1064 323 1134 345 tum
1166 314 1350 346 amicorum

238 374 439 410 pammachii
464 389 495 410 et
519 379 644 412 Oceani
670 379 792 416 literis,
822 387 892 409 tum
926 376 1072 420 propriis
1098 375 1204 407 oculis
1230 375 1353 407 certior

238 436 342 468 {actus
378 437 480 471 libros
516 443 597 483 περὶ
629 440 751 484 ἀρχῶν
786 439 1019 471 fraudulenten
1051 437 1151 469 fuisse
1180 449 1197 468 a
1229 435 1353 468 Rufino

237 499 426 538 translatos,
466 514 525 533 nec
556 501 630 533 satis
666 500 912 544 praemonitum
950 499 1050 531 fuisse
1083 499 1244 530 lectorem
1275 495 1355 541 quid

237 559 444 601 potissimum
469 563 502 595 in
527 562 592 594 illis
617 575 730 594 cavere
755 563 910 601 deberet,
943 561 1064 594 veritus
1089 560 1221 592 aliunde
1245 570 1286 591 ne
1311 558 1356 590 ob

238 621 330 652 fictas
355 621 484 662 laudes,
514 624 634 668 quibus
659 624 692 655 in
719 623 926 667 praefatione
951 622 1063 654 Rufini
1088 630 1262 654 exornatus
1285 620 1356 652 fue-

238 691 297 722 rat,
323 683 474 725 Origenis
506 685 672 718 erroribus
702 686 814 717 favere
845 684 1103 723 existimaretur,
1139 683 1237 716 aliam
1263 681 1358 727 hujus

240 744 349 787 operis
374 745 558 778 versionem
583 747 623 779 ad
647 747 755 789 graeci
780 755 951 778 contextus
983 745 1086 777 fidem
1110 756 1275 786 aggressus
1299 752 1357 775 est.

242 804 331 847 »Ego
365 816 493 846 autem,
523 808 632 853 inquit
662 808 718 840 lib.
741 807 771 842 1.
805 808 960 839 adversus
991 806 1169 845 Rufinum,
1198 806 1232 838 in
1266 804 1359 837 libris

241 870 321 910 περὶ
353 867 475 912 ἀρχῶν
506 870 596 914 quod
619 870 662 902 ‘in
693 881 810 912 graeco
837 869 1021 901 habebatur
1045 866 1207 911 expressi:
1233 878 1299 898 non
1322 873 1361 897 ut

240 929 390 961 crederet
412 930 518 963 lector
547 930 612 969 his,
644 943 727 975 quae
756 931 1015 974 interpretabar,
1046 929 1104 961 sed
1136 941 1178 961 ne
1211 927 1362 960 crederet

240 989 322 1029 illis,
356 1004 439 1035 quae
469 1002 504 1024 tu
536 1001 609 1024 ante
640 992 861 1024 transtuleras.
918 992 1052 1035 Duplex
1083 991 1116 1022 in
1148 1003 1225 1022 meo
1258 1001 1361 1033 opere

239 1051 363 1084 utilitas
387 1053 467 1093 fuit,
500 1054 579 1086 dum
612 1063 644 1085 et
676 1053 858 1085 haereticus
890 1062 1006 1086 auctor
1031 1051 1205 1097 proditur,
1239 1060 1271 1083 et
1294 1062 1361 1082 non

241 1126 337 1145 verus
361 1114 522 1159 interpres
547 1116 702 1157 arguitur.
739 1116 787 1147 Ac
814 1127 855 1147 ne
881 1115 952 1158 quis
976 1126 1030 1145 me
1053 1121 1186 1158 putaret
1209 1111 1258 1144 his
1284 1124 1364 1144 con-

242 1175 374 1214 sentire,
399 1189 482 1220 quae
508 1186 682 1214 verteram,
707 1175 991 1220 interpretationis
1014 1173 1245 1207 necessitatem
1268 1185 1363 1218 prae—

243 1235 369 1268 fatione
392 1238 538 1278 munivi,
563 1248 596 1271 et
621 1238 739 1277 docui,
765 1238 884 1282 quibus
910 1238 1018 1270 lector
1040 1249 1108 1269 non
1133 1236 1271 1268 deberet
1294 1247 1363 1267 cre-

244 1297 330 1329 dere.
379 1298 477 1331 Prior
500 1300 670 1332 translatio
697 1300 828 1331 laudem
854 1298 997 1331 auctoris
1023 1296 1190 1337 continet,
1220 1297 1365 1330 secunda

245 1358 535 1403 vituperationem.
591 1361 650 1393 llla
683 1362 843 1393 lectorem
876 1369 1039 1404 provocat
1070 1360 1110 1391 ad
1143 1359 1364 1400 credendum3

246 1420 303 1452 ista
329 1422 369 1452 ad
394 1435 461 1454 non
486 1424 686 1455 eredendum
714 1432 836 1455 movet.
887 1423 937 1454 lbi
963 1431 994 1453 et
1019 1433 1080 1462 ego
1105 1421 1227 1454 invitus
1252 1421 1364 1453 lauda-

246 1492 301 1514 tor
323 1483 475 1525 Origenis
499 1495 666 1527 assum0r3
701 1485 754 1516 hie
786 1484 818 1516 in
853 1493 980 1516 tantum
1012 1495 1081 1514 non
1105 1483 1226 1522 laudo,
1265 1494 1364 1527 quem

246 1545 426 1584 transfero,
455 1556 492 1578 ut
525 1559 622 1588 cogar
647 1558 797 1578 accusare
823 1545 1024 1577 laudantem.
1072 1544 1199 1577 Eadem
1223 1557 1274 1577 res
1297 1556 1367 1576 nou

249 1606 364 1638 eadem
388 1617 498 1640 mente
522 1608 668 1651 perfecta
694 1617 758 1647 est3
782 1607 852 1639 imo
877 1619 981 1638 unum
1005 1606 1067 1638 iter
1089 1605 1239 1638 diversos
1264 1605 1367 1638 exitus

247 1666 393 1702 habuit.«
442 1668 509 1701 Ubi
534 1669 677 1712 primum
712 1669 862 1701 absoluta
894 1677 941 1700 est
968 1656 1049 1699 haec
1080 1667 1311 1711 interpretatio
1337 1675 1369 1699 et

251 1729 292 1760 ad
327 1728 575 1762 Pammachium
608 1731 722 1771 missa,
765 1743 928 1774 quaenam
966 1729 1067 1761 fuerit
1089 1728 1180 1761 illius
1205 1725 1368 1768 cohdifio,

250 1798 358 1822 narrat
382 1790 452 1834 ipse
477 1801 605 1823 sanetus
631 1793 750 1824 doctor
775 1792 808 1823 in
834 1791 928 1835 epist.
946 1790 1011 1829 94,
1036 1789 1113 1822 alias
1126 1789 1197 1829 59.‚
1227 1790 1270 1822 ad
1294 1789 1370 1822 Avi-

250 1860 322 1882 tum
346 1851 468 1896 scripta
493 1852 664 1886 anno-109.
715 1857 820 1885 »Anne
845 1865 966 1891 annos,
1001 1851 1127 1896 inquit,
1159 1851 1290 1884 circiter
1313 1852 1370 1884 de-

254 1924 336 1951 cem,
360 1922 489 1945 sanctus
515 1914 564 1945 vir
589 1914 814 1946 Pammachius
845 1915 885 1946 ad
916 1927 969 1946 me
1002 1913 1172 1959 eujusdam
1196 1913 1369 1946 schedulas

253 1974 360 2013 misit,
397 1987 479 2019 quae.
514 1975 666 2016 Origenis
702 1979 781 2019 περὶ
815 1977 934 2020 ἀρχῶν
961 1976 1177 2020 interpretata
1202 1974 1370 2006 volumina

256 2035 483 2075 continerent,
515 2037 583 2068 imo
616 2037 740 2069 vitiata:
783 2039 846 2070 hoc
882 2049 1083 2081 magnopere
1115 2036 1303 2081 postulans,
1335 2046 1372 2068 ut

255 2108 405 2138 graecam
431 2098 603 2130 veritatem
630 2098 727 2130 latina
752 2109 893 2131 servaret
916 2098 1104 2139 translati03
1137 2106 1169 2129 et
1191 2097 1224 2129 in
1250 2106 1373 2129 utram-

259 2170 322 2202 que
345 2167 473 2203 partem
498 2172 554 2191 seu
579 2160 680 2195 bene,
704 2173 760 2191 seu
785 2161 869 2192 male
896 2160 1045 2199 dixisset,
1068 2159 1126 2207 ille
1151 2159 1208 2203 qui
1231 2159 1372 2203 scripsit,

257 2220 381 2264 absque
405 2220 592 2265 interpretis
617 2221 802 2264 patrocinio
839 2223 986 2254 Romana
1016 2221 1125 2262 lingna
1151 2231 1371 2263 cognosceret.

262 2280 341 2314 Eeci
366 2291 401 2314 ut
426 2283 548 2321 voluit,
574 2283 711 2326 misique
739 2283 767 2314 ei
793 2283 910 2315 libros:
945 2296 1026 2327 quos
1052 2295 1127 2316 cum
1151 2282 1294 2325 legisset,
1321 2295 1373 2314 ex-
