1404 2463
398 102 443 124 m:
469 91 663 124 ancwus
689 91 799 122 Limia
825 89 866 121 ΙΙ.
1133 86 1197 120 173

76 181 166 227 quali
191 181 404 214 distinctione
428 182 582 213 adversus
606 179 790 211 haereticos
814 188 945 219 agentes
968 177 1104 210 utimur.
1138 178 1199 210 Di-

76 244 182 276 ximus
209 243 295 276 enim
322 244 414 287 quod
438 241 529 274 aliud
553 241 594 273 sit
620 241 731 273 videre
749 250 781 273 et
798 239 921 279 videri,
948 248 980 271 et
996 239 1087 271 aliud
1103 253 1198 272 nosse

77 315 109 337 et
139 306 250 343 nosci,
288 305 341 336 vel
379 315 579 345 cognoscere
613 311 711 346 atque
745 301 910 343 cognosci,
958 300 1064 342 Igitur
1086 301 1199 333 videro

78 376 110 398 ct
135 367 240 399 videri
266 356 447 410 corpbrum
471 378 522 397 res
548 374 612 397 est:
651 364 742 408 quod
768 363 883 407 utique
908 375 969 394 nec
994 363 1102 401 Patri,
1139 377 1199 395 nec

78 428 186 466 Filio,
218 441 278 461 nee
304 427 445 472 Spiritui
477 436 591 459 sancto
623 426 710 458 inter
743 437 777 457 se
803 424 944 456 invicem
971 434 1202 468 competenter

76 490 253 534 aptabitur.
300 491 423 522 Natura
456 488 545 520 enim
571 487 741 520 Trinitatis
773 487 911 519 modum
944 487 1077 519 visionis
1109 499 1203 518 exce-

81 551 147 591 dit,
179 552 228 583 his
244 552 274 595 ¹)
299 563 382 595 quae
407 551 440 583 in
467 563 609 594 corpore
634 559 727 588 sunt,
752 549 785 581 id
815 558 863 581 est
888 548 1041 580 omnibus
1066 546 1203 590 reliquis

81 612 256 651 creaturis,
290 612 499 656 qualitatem.
516 611 604 643 inter
626 624 660 643 se
684 611 826 643 invicem
853 610 986 642 visionis
1010 609 1204 650 indulgens;

78 674 299 718 incorporeae
318 686 402 717 yero
426 682 562 705 naturae
587 682 619 705 et
644 673 876 717 principaliter
891 670 1130 712 intellectuali,
1157 672 1207 703 ni-

82 736 129 768 hil
160 735 250 768 aliud
281 735 437 767 convenit
469 734 533 767 nisi
557 748 672 774 nosse,
705 734 802 777 vel‘ss)
826 733 938 772 nosci,
966 733 1051 765 sicut
1076 742 1109 765 et
1133 733 1206 765 Sal-

81 806 178 829 vator
206 797 277 842 ipse
308 797 521 841 pronuntiat,
558 796 687 835 dicens,
723 797 798 840 quia
833 796 1001 839 „nemo-³)
1032 793 1126 826 novit
1149 794 1207 826 Fi-

81 859 164 891 lium
189 859 252 891 nisi
276 859 393 898 Pater,
417 872 525 903 neque
550 859 681 891 Patrem
707 858 780 902 quis
805 857 899 889 novit
923 857 987 889 nisi
1012 856 1140 894 Filius,
1177 865 1209 887 et

82 920 136 953 cui
176 921 320 953 voluerit
351 919 457 953 Filius
492 920 673 952 revelare.“
737 918 955 951 Manifestum
989 931 1067 960 ergo
1080 918 1113 962 ⁴²)
1151 927 1209 955 est,

84 983 208 1027 quin⁵)
233 995 302 1015 non
327 981 428 1014 dixit:
453 983 562 1014 Nemo
590 981 674 1013 vidit
698 981 831 1013 Patrem
855 980 918 1012 nisi
936 980 1061 1021 Filius;
1086 981 1160 1012 sed:
1176 980 1209 1023 ὓ)

84 1044 215 1085 „Nemo
239 1044 335 1076 novit
360 1044 493 1075 Patrem
516 1043 578 1075 nisi
602 1043 740 1076 Filius.«

175 1106 206 1139 4.
254 1104 290 1138 Si
316 1118 395 1137 vero
421 1115 561 1149 propter
584 1105 661 1143 illa,
686 1117 770 1149 quae
796 1104 952 1136 dicuntur
975 1103 1007 1135 in
1026 1102 1129 1135 veteri
1147 1103 1212 1135 Te-

88 1176 269 1207 stamento,
302 1167 393 1210 quod
418 1166 569 1198 irascitur
592 1167 702 1204 Deus,
740 1165 792 1203 vel
819 1165 985 1209 poenitet,
1021 1165 1072 1196 vel
1098 1165 1123 1196 si
1148 1177 1211 1208 qun

87 1229 150 1261 alia
175 1229 308 1261 humani
332 1229 473 1260 affectus
497 1228 605 1272 passio
633 1228 840 1268 designatur,
879 1227 1052 1258 materiam
1083 1226 1146 1258 sibi
1173 1226 1213 1257 ad

89 1291 312 1324 confutandos
336 1303 396 1322 nos
420 1291 573 1334 praeberi
598 1298 733 1334 putant,
771 1289 972 1321 affirmantes
996 1288 1129 1332 penitus
1152 1287 1214 1319 im-

88 1352 279 1397 passibilem
302 1352 432 1391 Deum,
468 1361 565 1395 :itque
590 1351 640 1383 his
667 1350 822 1383 omnibus
848 1359 1015 1382 carentem
1039 1349 1215 1382 affectibus

86 1413 362 1458 sentiendum27)
393 1413 634 1445 ostendendum
668 1422 715 1444 est
747 1412 787 1445 iis
819 1412 917 1444 etiam
952 1414 984 1445 in
1018 1411 1217 1454 evangelicis

90 1475 258 1520 parabolis
283 1474 396 1506 haberi
421 1474 560 1513 similia,
592 1487 665 1506 cum
692 1474 791 1514 dicit,
817 1475 939 1518 quin⁸)
969 1475 1010 1513 is,
1043 1476 1098 1519 qui
1123 1474 1218 1518 plan-

91 1537 172 1570 tavit
202 1536 351 1574 vineam,
387 1545 420 1568 et
445 1536 570 1568 locavit·
592 1549 664 1568 eam
689 1535 836 1574 colonis,
872 1536 929 1579 qui
960 1536 1075 1568 coloni
1098 1536 1217 1568 missos

91 1599 133 1632 ad
169 1611 204 1631 se
249 1610 362 1630 servos
399 1597 656 1636 interemerunt,
698 1598 738 1629 ad
777 1597 934 1629 ultimum
972 1597 1069 1630 etiam
1108 1596 1215 1629 {ilium

94 1661 134 1692 ad
153 1672 187 1692 se
203 1659 338 1691 missum
357 1659 563 1698 deciderunt,
588 1659 690 1691 iratus
703 1660 735 1701 ⁹)
755 1658 879 1690 dicitur
895 1659 1068 1691 abstulisse
1089 1658 1217 1691 vineam

193 1806 222 1846 ¹)
247 1804 304 1837 Sic
326 1805 406 1837 TMss.
438 1804 530 1837 Libri
555 1803 635 1836 editi
661 1804 708 1848 (v,
735 1816 761 1835 c.
787 1803 862 1844 edd.
889 1803 954 1846 Μ.)
984 1803 1051 1835 »his
1077 1803 1145 1846 (ed.
1172 1803 1221 1835 M.

96 1851 136 1884 ll.
161 1852 223 1891 iis)
249 1850 305 1893 qui
329 1849 363 1880 in
390 1862 532 1894 corpore
557 1858 650 1881 sunt:
676 1849 764 1881 idem
791 1848 964 1880 omnibus«
993 1858 1054 1881 etc.
1082 1849 1119 1882 R.

190 1906 224 1948 2)
250 1905 336 1937 Edd.
361 1906 409 1938 M.
437 1914 521 1939 »ειμι
617 1906 650 1949 3)
677 1905 797 1938 Matth.
821 1905 878 1944 ΧΙ,
905 1905 958 1939 27.

191 1961 225 2002 4)
250 1961 336 1995 Edd.
364 1962 409 1993 Μ.
438 1970 507 1993 »est
533 1973 641 2002 &gost
739 1961 772 2004 ⁵)
797 1960 861 1995 Ed.
888 1961 934 1994 M.
960 1962 1001 1993 ΙΙ.
1029 1962 1175 2006 „qu0d.“

192 2020 225 2062 5)
250 2019 491 2050 Desiderantur
520 2016 553 2048 in
578 2026 671 2048 antea
699 2016 794 2048 editis
820 2017 866 2060 (v.
892 2030 918 2050 e.
945 2017 1020 2051 edd.
1047 2017 1128 2058 M.)‚
1165 2018 1223 2049 sed

98 2065 131 2097 in
157 2064 312 2096 omnibus
340 2064 502 2095 habentur
529 2062 609 2094 Mss.
635 2063 749 2094 verba:
777 2063 874 2102 „sed:
900 2063 1007 2095 Nemo
1027 2082 1066 2087 —-
1083 2062 1145 2094 nisi
1168 2062 1226 2095 Fi-

102 2110 196 2143 lius.«
226 2110 266 2143 ss.
295 2129 333 2133 —
361 2108 478 2141 Manli.
502 2107 561 2145 ΧΙ,
586 2107 640 2141 27.

193 2165 226 2209 ⁷)
255 2166 299 2196 lta
324 2165 402 2196 Mss.
428 2163 519 2207 Libri
544 2163 625 2195 editi
652 2163 696 2207 (v.
723 2176 749 2196 c.
770 2163 844 2195 edd.
859 2162 925 2206 Μ.)
953 2163 1170 2204 ‚‚semiendi.“
1185 2164 1224 2195 R.

195 2222 229 2262 8)
255 2221 317 2255 Ed.
344 2221 391 2253 M.
418 2221 456 2252 ΙΙ.
484 2220 625 2263 ,,(Ῑυοᾶ.«
650 2240 687 2244 —
715 2219 783 2251 Csr.
805 2220 920 2252 Matlh.
938 2220 1030 2258 ΧΧΙ,
1055 2219 1109 2254 33.
1134 2233 1225 2263 seqq.

194 2279 227 2321 ⁹)
254 2276 343 2310 Libri
377 2277 456 2309 editi
489 2278 536 2319 (v.
563 2290 589 2309 c.
616 2276 691 2310 edd.
717 2276 781 2319 Μ.)
815 2275 936 2327 „iratus
964 2276 1118 2308 dominus
1145 2275 1226 2307 dici-
