1404 2463
192 86 254 120 154
665 85 838 118 OmGENJs

279 174 310 208 4.
355 173 475 216 Jam')
508 186 587 206 vero
623 173 679 218 qui
710 173 922 207 indissimiles
957 174 1019 207 sibi
1054 175 1244 218 mundos²)
1275 189 1312 208 ac

188 250 248 281 per
281 235 393 268 omnia
422 248 518 279 pares
550 235 731 280 aliquando
771 236 903 269 evenire
940 236 1155 276 confirmant,
1197 236 1311 270 nescio

186 299 305 344 quibus
337 297 372 330 id
402 297 530 341 possint
559 310 703 329 asserere
737 297 957 330 documentis.
1005 297 1042 330 Si
1072 298 1162 330 enim
1193 298 1313 331 similis

185 375 247 406 per
271 359 384 393 omnia
407 359 551 391 mundus
579 359 718 399 dicitur,
745 360 808 392 erit
831 369 868 391 ut
892 360 1013 391 iterum
1040 360 1147 392 Adam
1171 360 1225 392 vel
1242 360 1312 393 Eva

186 423 302 455 cadem
328 420 459 460 saciant,
485 433 570 465 quae
594 421 762 461 fecerunt;
787 421 875 453 idem
901 420 1022 453 iterum
1049 421 1111 454 erit
1135 421 1313 462 diluvium,

185 494 284 529 atque
316 483 405 515 idem
433 483 544 514 Moses
575 496 707 514 rursum
740 482 907 527 populum
932 493 1083 515 sexcenta
1109 484 1179 515 fere
1203 483 1313 517 millia

184 558 326 579 numero
352 545 472 576 educet
497 556 534 576 ex
559 545 731 590 Aegypt03
762 545 865 576 Judas
890 556 1024 588 quoque
1049 544 1100 577 bis
1124 544 1312 578 Dominum

183 608 311 648 tradet3
333 605 457 638 Paulus
482 606 630 638 secundo
652 605 870 650 lapidantium
890 606 1096 649 Stephanum
1115 606 1312 639 vestimenta

184 667 344 707 serv-‘thiu
380 676 411 699 et
436 667 548 699 omnia
573 680 657 712 quae
678 667 710 700 in
738 668 797 700 bac
823 667 889 699 vita
914 677 1001 709 gesta
1025 677 1117 708 sunt,
1142 668 1311 712 iterum3)

183 729 326 772 gerenda
357 728 525 760 dicentur:
568 729 660 773 quod
691 742 758 761 non
790 738 873 774 puto
910 729 1038 762 ratione
1070 730 1181 774 aliqua
1211 743 1310 775 posse

183 790 328 831 firmari,
353 789 380 822 si
405 789 533 822 arbitrii
557 790 708 822 libertate
733 800 874 832 aguntur
891 791 1039 831 animae,
1064 794 1142 836 εΗ)
1161 793 1210 824 vel
1230 805 1311 837 pro-

184 855 290 885 fectus
322 864 419 890 suos,
459 851 511 883 vel
548 852 700 884 decessus
732 865 794 895 pro
827 853 1006 885 voluntatis
1037 866 1116 886 suae
1147 853 1311 886 sustinent

182 922 359 959 potestate.
407 914 483 946 Non
519 913 607 945 enim
640 927 737 945 cursu
768 913 881 958 aliquo
914 915 994 959 ἰοῦ)
1026 916 1163 948 eosdem
1186 928 1222 948 se
1246 916 1310 948 cir-

183 976 276 1007 culos
307 983 385 1019 post
415 973 521 1006 multa
550 974 680 1007 saecula
709 975 902 1008 revolvente
928 986 1068 1018 aguntur
1091 976 1237 1017 animae,
1273 986 1311 1009 ut

182 1039 248 1069 hoc
274 1035 374 1078 autfi)
398 1034 484 1068 illud
509 1037 562 1068 vel
584 1045 696 1077 agant,
721 1037 774 1069 vel
799 1037 951 1081 cupiant,
975 1038 1078 1083 sed')
1106 1051 1308 1084 quocunque

181 1097 312 1144 proprii
337 1096 459 1138 ingenii
485 1097 618 1131 libertas
636 1097 711 1141 (82)
727 1097 927 1140 intenderit,
951 1098 1013 1132 illo
1038 1109 1208 1141 gestorum
1231 1113 1310 1133 suo-

181 1175 256 1194 rurn
287 1158 477 1203 dirigunt⁸)
510 1173 653 1192 cursum.
701 1160 785 1193 Tale
816 1160 906 1193 enim
939 1170 1005 1200 est,
1043 1162 1136 1205 quod
1166 1162 1207 1193 ab
1237 1161 1307 1194 istis

183 1223 325 1261 dicitur,
357 1230 394 1252 ut
425 1220 451 1252 εἰ
482 1221 554 1266 quis
589 1221 670 1253 velit
703 1235 867 1262 asserere,
903 1223 1178 1267 quodsrumenti
1202 1223 1309 1256 medi-

181 1298 298 1317 mnum
323 1283 350 1316 si
374 1282 599 1326 profundatur
622 1282 654 1315 iu
679 1292 820 1324 terram,
843 1294 957 1328 potest
980 1284 1072 1324 fieri,
1096 1294 1134 1317 ut
1156 1284 1258 1317 iidem
1275 1295 1308 1318 et

180 1346 313 1391 penitus
344 1344 514 1376 indiscreti
544 1345 691 1376 secundo
727 1345 882 1377 accidant
913 1359 1005 1378 casus
1035 1359 1231 1388 granorum,
1263 1346 1309 1380 ita

180 1418 217 1441 ut
246 1406 513 1450 unumquodque
549 1418 685 1447 granum
710 1405 799 1450 juxta
811 1407 843 1450 ⁹)
869 1406 904 1439 id
928 1408 1105 1451 profusum
1128 1407 1234 1453 jaceat
1257 1421 1308 1441 se-

181 1471 313 1508 cundo,
335 1481 402 1512 quo
427 1467 536 1512 primo
562 1467 744 1511 aliquando
770 1467 936 1512 dejectum
962 1478 1028 1508 est,
1055 1478 1088 1500 et
1112 1470 1232 1501 eodem
1251 1483 1306 1501 οι·-

180 1533 257 1564 dine
281 1531 468 1573 iisdemque
493 1528 677 1573 dispersum
702 1529 744 1561 sit
768 1529 884 1571 signis,
917 1530 1036 1574 quibus
1061 1531 1169 1562 fuerat
1193 1530 1303 1575 primo

275 1689 304 1734 ¹)
329 1687 414 1720 Vide
447 1688 503 1720 lib.
522 1688 561 1720 ΙΙ.
587 1685 819 1728 Οι·ἰ3(ἰ]ἰεη]οτ.
838 1696 961 1731 quaest.
979 1686 1056 1721 ΧΙΙ.
1073 1700 1163 1719 num.
1180 1687 1212 1720 4.
1225 1688 1254 1720 5.
1272 1687 1302 1722 6,

272 1746 306 1789 ²)
330 1745 436 1777 Deest
466 1743 499 1775 in
530 1752 625 1775 antea
659 1741 757 1774 editis
788 1743 834 1787 (v.
867 1756 895 1777 c.
920 1743 995 1775 edd.
1021 1743 1098 1787 M),
1122 1743 1178 1775 sed
1204 1743 1304 1776 habe-

181 1802 235 1825 tur
259 1790 291 1823 in
317 1791 395 1823 Mss.
422 1789 618 1829 „mundos.“
645 1789 685 1821 Γι.

270 1847 307 1889 ³)
332 1847 382 1878 lta
407 1846 485 1878 Mss.
510 1844 602 1876 Alias
628 1846 672 1887 (v.
699 1857 725 1875 c.
751 1843 784 1875 in
811 1843 887 1876 edd.
914 1843 976 1888 M.)
1006 1844 1162 1885 ‚,etiam.“

270 1903 304 1946 ⁴)
328 1902 434 1934 Deest
460 1906 533 1933 »et“
558 1900 591 1933 in
617 1901 692 1932 edd.
718 1900 766 1932 M.

272 1959 304 2003 ⁵)
330 1957 387 1991 Sic
411 1970 527 1989 omnes
554 1957 662 1989 Codd.
688 1957 767 1990 Mss.
791 1955 884 1988 Editl
909 1969 989 1988 vero
1015 1957 1061 2000 (v.
1087 1969 1114 1989 c.
1140 1957 1215 1989 edd.
1234 1956 1301 1999 Μ.)

180 2004 243 2045 „in
284 2003 420 2036 eosdem
464 2002 607 2034 circulos
642 2011 720 2046 post
751 2021 792 2026 ——
824 2002 955 2034 saecula
993 2002 1166 2034 revolutae
1202 2015 1302 2044 agun—

178 2053 257 2082 tur“
292 2057 352 2080 etc.
386 2048 426 2080 R.

270 2106 302 2148 6)
327 2103 416 2136 Edd.
441 2103 488 2136 M.
515 2103 622 2143 „vel.“

272 2161 304 2204 7)
331 2159 391 2191 Ed.
419 2159 462 2191 M.
491 2160 514 2191 l.
541 2158 620 2198 ,‚si.“

269 2218 302 2260 B⁷)
329 2217 378 2248 lta
402 2216 481 2248 Mss.
507 2214 598 2246 Libri
624 2214 703 2246 editi
727 2216 772 2258 (v.
799 2229 826 2248 c.
852 2216 927 2248 cdd.
955 2215 1019 2256 M.)
1045 2215 1209 2257 „di1·igit.“
1236 2217 1277 2250 R.

270 2275 304 2317 ³)
329 2271 385 2306 Sic
402 2271 481 2305 Mss.
499 2270 533 2302 ln
551 2270 643 2303 libris
657 2270 754 2303 editis
769 2272 815 2315 (ν.
829 2284 856 2304 c.
873 2271 950 2305 edd.
965 2272 1030 2315 M.)
1046 2273 1138 2305 deest
1152 2272 1238 2314 „id.“
1261 2274 1297 2308 R.
