<?xml version="1.0" encoding="UTF-8"?>
<!DOCTYPE html PUBLIC "-//W3C//DTD XHTML 1.0 Transitional//EN"
    "http://www.w3.org/TR/xhtml1/DTD/xhtml1-transitional.dtd">
<html xmlns="http://www.w3.org/1999/xhtml" xml:lang="en" lang="en">
 <head>
  <title>
</title>
<meta http-equiv="Content-Type" content="text/html;charset=utf-8" />
  <meta name='ocr-system' content='tesseract 3.04.00' />
  <meta name='ocr-capabilities' content='ocr_page ocr_carea ocr_par ocr_line ocrx_word'/>
</head>
<body>
  <div class='ocr_page' id='page_1' title='image "./operaomniaquaegr21orig/operaomniaquaegr21orig_0303.png"; bbox 0 0 1404 2463; ppageno 0'>
   <div class='ocr_carea' id='block_1_1' title="bbox 387 98 1217 134">
    <p class='ocr_par' dir='ltr' id='par_1_1' title="bbox 387 98 1217 134">
     <span class='ocr_line' id='line_1_1' title="bbox 387 98 1217 134; baseline 0.005 -4"><span class='ocrx_word' id='word_1_1' title='bbox 387 108 433 130; x_wconf 73' lang='lat' dir='ltr'><strong>ne</strong></span> <span class='ocrx_word' id='word_1_2' title='bbox 460 98 655 132; x_wconf 71' lang='lat' dir='ltr'><strong>ancmus</strong></span> <span class='ocrx_word' id='word_1_3' title='bbox 682 99 796 132; x_wconf 73' lang='lat' dir='ltr'><strong>Lmen</strong></span> <span class='ocrx_word' id='word_1_4' title='bbox 822 98 882 131; x_wconf 90' lang='lat'>111.</span> <span class='ocrx_word' id='word_1_5' title='bbox 1151 99 1217 134; x_wconf 82' lang='lat'><strong>289</strong></span> 
     </span>
    </p>
   </div>
   <div class='ocr_carea' id='block_1_2' title="bbox 72 186 1217 1562">
    <p class='ocr_par' dir='ltr' id='par_1_2' title="bbox 72 186 1217 1125">
     <span class='ocr_line' id='line_1_2' title="bbox 78 186 1216 230; baseline 0.002 -12"><span class='ocrx_word' id='word_1_6' title='bbox 78 194 150 218; x_wconf 84' lang='lat' dir='ltr'><strong>tute</strong></span> <span class='ocrx_word' id='word_1_7' title='bbox 182 186 405 219; x_wconf 77' lang='lat' dir='ltr'><strong>crediderint:</strong></span> <span class='ocrx_word' id='word_1_8' title='bbox 437 187 554 219; x_wconf 86' lang='lat' dir='ltr'><strong>volens</strong></span> <span class='ocrx_word' id='word_1_9' title='bbox 586 198 723 227; x_wconf 78' lang='lat' dir='ltr'>arguere</span> <span class='ocrx_word' id='word_1_10' title='bbox 757 186 951 219; x_wconf 81' lang='lat' dir='ltr'>occasiones</span> <span class='ocrx_word' id='word_1_11' title='bbox 982 186 1216 230; x_wconf 71' lang='lat' dir='ltr'><strong>hujuscemodi</strong></span> 
     </span>
     <span class='ocr_line' id='line_1_3' title="bbox 78 247 1217 290; baseline 0.002 -12"><span class='ocrx_word' id='word_1_12' title='bbox 78 247 311 290; x_wconf 81' lang='lat' dir='ltr'><strong>querelarum,</strong></span> <span class='ocrx_word' id='word_1_13' title='bbox 350 256 384 279; x_wconf 88' lang='lat' dir='ltr'><strong>et</strong></span> <span class='ocrx_word' id='word_1_14' title='bbox 415 247 611 285; x_wconf 72' lang='lat' dir='ltr'>ostendere,</span> <span class='ocrx_word' id='word_1_15' title='bbox 641 247 762 290; x_wconf 82' lang='lat' dir='ltr'><strong>quia¹)</strong></span> <span class='ocrx_word' id='word_1_16' title='bbox 787 259 856 280; x_wconf 87' lang='lat' dir='ltr'><strong>non</strong></span> <span class='ocrx_word' id='word_1_17' title='bbox 881 247 1106 280; x_wconf 73' lang='lat' dir='ltr'>dissimulatio</span> <span class='ocrx_word' id='word_1_18' title='bbox 1133 249 1217 280; x_wconf 86' lang='lat' dir='ltr'><strong>divi-</strong></span> 
     </span>
     <span class='ocr_line' id='line_1_4' title="bbox 77 306 1214 350; baseline 0.002 -11"><span class='ocrx_word' id='word_1_19' title='bbox 77 319 140 339; x_wconf 82' lang='lat' dir='ltr'><strong>nae</strong></span> <span class='ocrx_word' id='word_1_20' title='bbox 171 306 423 350; x_wconf 79' lang='lat' dir='ltr'><strong>providentiae,</strong></span> <span class='ocrx_word' id='word_1_21' title='bbox 461 307 520 338; x_wconf 86' lang='lat' dir='ltr'><strong>sed</strong></span> <span class='ocrx_word' id='word_1_22' title='bbox 561 306 724 338; x_wconf 78' lang='lat' dir='ltr'>humanae</span> <span class='ocrx_word' id='word_1_23' title='bbox 755 307 876 339; x_wconf 73' lang='lat' dir='ltr'><strong>mentis</strong></span> <span class='ocrx_word' id='word_1_24' title='bbox 908 307 1085 340; x_wconf 77' lang='lat' dir='ltr'>arbitrium</span> <span class='ocrx_word' id='word_1_25' title='bbox 1119 318 1214 341; x_wconf 79' lang='lat' dir='ltr'><strong>causa</strong></span> 
     </span>
     <span class='ocr_line' id='line_1_5' title="bbox 77 365 1215 410; baseline 0.004 -12"><span class='ocrx_word' id='word_1_26' title='bbox 77 366 140 398; x_wconf 80' lang='lat' dir='ltr'><strong>sibi</strong></span> <span class='ocrx_word' id='word_1_27' title='bbox 165 365 366 410; x_wconf 80' lang='lat' dir='ltr'><strong>perditionis</strong></span> <span class='ocrx_word' id='word_1_28' title='bbox 391 367 536 406; x_wconf 72' lang='lat' dir='ltr'><strong>exsistit,</strong></span> <span class='ocrx_word' id='word_1_29' title='bbox 575 367 720 400; x_wconf 86' lang='lat' dir='ltr'><strong>contulit</strong></span> <span class='ocrx_word' id='word_1_30' title='bbox 757 367 855 399; x_wconf 77' lang='lat' dir='ltr'><strong>etiam</strong></span> <span class='ocrx_word' id='word_1_31' title='bbox 881 367 1026 409; x_wconf 82' lang='lat' dir='ltr'><strong>indignis</strong></span> <span class='ocrx_word' id='word_1_32' title='bbox 1051 378 1086 400; x_wconf 83' lang='lat' dir='ltr'><strong>et</strong></span> <span class='ocrx_word' id='word_1_33' title='bbox 1108 369 1215 402; x_wconf 83' lang='lat' dir='ltr'><strong>incre-</strong></span> 
     </span>
     <span class='ocr_line' id='line_1_6' title="bbox 77 426 1214 469; baseline 0.002 -10"><span class='ocrx_word' id='word_1_34' title='bbox 77 427 165 460; x_wconf 86' lang='lat' dir='ltr'><strong>dulis</strong></span> <span class='ocrx_word' id='word_1_35' title='bbox 189 426 326 469; x_wconf 79' lang='lat' dir='ltr'><strong>gratiam</strong></span> <span class='ocrx_word' id='word_1_36' title='bbox 350 428 605 459; x_wconf 77' lang='lat' dir='ltr'><strong>benefactorum</strong></span> <span class='ocrx_word' id='word_1_37' title='bbox 629 440 780 467; x_wconf 85' lang='lat' dir='ltr'><strong>suorum,</strong></span> <span class='ocrx_word' id='word_1_38' title='bbox 805 437 843 459; x_wconf 94' lang='lat' dir='ltr'><strong>ut</strong></span> <span class='ocrx_word' id='word_1_39' title='bbox 867 440 944 459; x_wconf 82' lang='lat' dir='ltr'><strong>vere</strong></span> <span class='ocrx_word' id='word_1_40' title='bbox 970 441 1070 460; x_wconf 85' lang='lat' dir='ltr'><strong>omne</strong></span> <span class='ocrx_word' id='word_1_41' title='bbox 1097 442 1134 461; x_wconf 90' lang='lat' dir='ltr'><strong>os</strong></span> <span class='ocrx_word' id='word_1_42' title='bbox 1153 431 1214 461; x_wconf 91' lang='lat' dir='ltr'><strong>ob-</strong></span> 
     </span>
     <span class='ocr_line' id='line_1_7' title="bbox 76 487 1214 531; baseline 0.001 -11"><span class='ocrx_word' id='word_1_43' title='bbox 76 497 233 528; x_wconf 73' lang='lat' dir='ltr'><strong>struatur,</strong></span> <span class='ocrx_word' id='word_1_44' title='bbox 257 495 437 531; x_wconf 77' lang='lat' dir='ltr'><strong>totumque</strong></span> <span class='ocrx_word' id='word_1_45' title='bbox 451 488 484 531; x_wconf 63' lang='grc'><strong>2)</strong></span> <span class='ocrx_word' id='word_1_46' title='bbox 510 500 528 519; x_wconf 82' lang='lat' dir='ltr'>a</span> <span class='ocrx_word' id='word_1_47' title='bbox 553 501 588 520; x_wconf 89' lang='lat' dir='ltr'><strong>se</strong></span> <span class='ocrx_word' id='word_1_48' title='bbox 614 497 647 520; x_wconf 86' lang='lat' dir='ltr'><strong>et</strong></span> <span class='ocrx_word' id='word_1_49' title='bbox 670 487 754 520; x_wconf 81' lang='lat' dir='ltr'><strong>nihil</strong></span> <span class='ocrx_word' id='word_1_50' title='bbox 779 500 796 519; x_wconf 81' lang='lat' dir='ltr'>a</span> <span class='ocrx_word' id='word_1_51' title='bbox 813 487 890 519; x_wconf 89' lang='lat' dir='ltr'><strong>Deo</strong></span> <span class='ocrx_word' id='word_1_52' title='bbox 909 488 1023 520; x_wconf 81' lang='lat' dir='ltr'><strong>deesse</strong></span> <span class='ocrx_word' id='word_1_53' title='bbox 1039 488 1102 520; x_wconf 84' lang='lat' dir='ltr'><strong>sibi</strong></span> <span class='ocrx_word' id='word_1_54' title='bbox 1120 501 1214 522; x_wconf 85' lang='lat' dir='ltr'><strong>mens</strong></span> 
     </span>
     <span class='ocr_line' id='line_1_8' title="bbox 76 547 1213 592; baseline 0.001 -11"><span class='ocrx_word' id='word_1_55' title='bbox 76 549 217 581; x_wconf 83' lang='lat' dir='ltr'><strong>humana</strong></span> <span class='ocrx_word' id='word_1_56' title='bbox 243 557 440 589; x_wconf 79' lang='lat' dir='ltr'><strong>cognoscat;</strong></span> <span class='ocrx_word' id='word_1_57' title='bbox 462 548 564 580; x_wconf 88' lang='lat' dir='ltr'><strong>simul</strong></span> <span class='ocrx_word' id='word_1_58' title='bbox 590 556 621 580; x_wconf 88' lang='lat' dir='ltr'><strong>et</strong></span> <span class='ocrx_word' id='word_1_59' title='bbox 647 547 724 592; x_wconf 81' lang='lat' dir='ltr'><strong>quia</strong></span> <span class='ocrx_word' id='word_1_60' title='bbox 749 548 877 590; x_wconf 79' lang='lat' dir='ltr'><strong>gravius</strong></span> <span class='ocrx_word' id='word_1_61' title='bbox 903 550 1152 582; x_wconf 80' lang='lat' dir='ltr'><strong>condemnatur</strong></span> <span class='ocrx_word' id='word_1_62' title='bbox 1174 550 1213 590; x_wconf 82' lang='lat' dir='ltr'><strong>is,</strong></span> 
     </span>
     <span class='ocr_line' id='line_1_9' title="bbox 76 608 1212 654; baseline 0.002 -14"><span class='ocrx_word' id='word_1_63' title='bbox 76 609 133 653; x_wconf 90' lang='lat' dir='ltr'><strong>qui</strong></span> <span class='ocrx_word' id='word_1_64' title='bbox 159 608 268 640; x_wconf 82' lang='lat' dir='ltr'><strong>divina</strong></span> <span class='ocrx_word' id='word_1_65' title='bbox 293 608 456 640; x_wconf 82' lang='lat' dir='ltr'><strong>beneficia</strong></span> <span class='ocrx_word' id='word_1_66' title='bbox 473 609 545 641; x_wconf 75' lang='lat' dir='ltr'><strong>,sibi</strong></span> <span class='ocrx_word' id='word_1_67' title='bbox 570 609 693 641; x_wconf 74' lang='lat' dir='ltr'><strong>collata</strong></span> <span class='ocrx_word' id='word_1_68' title='bbox 719 608 909 648; x_wconf 85' lang='lat' dir='ltr'><strong>contemsit,</strong></span> <span class='ocrx_word' id='word_1_69' title='bbox 934 621 1034 653; x_wconf 86' lang='lat' dir='ltr'><strong>quam</strong></span> <span class='ocrx_word' id='word_1_70' title='bbox 1060 609 1128 649; x_wconf 86' lang='lat' dir='ltr'><strong>ille,</strong></span> <span class='ocrx_word' id='word_1_71' title='bbox 1155 610 1212 654; x_wconf 89' lang='lat' dir='ltr'><strong>qui</strong></span> 
     </span>
     <span class='ocr_line' id='line_1_10' title="bbox 76 668 1210 713; baseline 0.003 -13"><span class='ocrx_word' id='word_1_72' title='bbox 76 668 236 713; x_wconf 87' lang='lat' dir='ltr'><strong>consequi</strong></span> <span class='ocrx_word' id='word_1_73' title='bbox 256 681 292 701; x_wconf 80' lang='lat' dir='ltr'><strong>ea</strong></span> <span class='ocrx_word' id='word_1_74' title='bbox 318 669 370 700; x_wconf 80' lang='lat' dir='ltr'><strong>vel</strong></span> <span class='ocrx_word' id='word_1_75' title='bbox 396 669 512 701; x_wconf 84' lang='lat' dir='ltr'><strong>audire</strong></span> <span class='ocrx_word' id='word_1_76' title='bbox 537 682 606 702; x_wconf 93' lang='lat' dir='ltr'><strong>non</strong></span> <span class='ocrx_word' id='word_1_77' title='bbox 631 669 771 708; x_wconf 84' lang='lat' dir='ltr'><strong>meruit,</strong></span> <span class='ocrx_word' id='word_1_78' title='bbox 795 669 964 712; x_wconf 81' lang='lat' dir='ltr'><strong>intelligat</strong></span> <span class='ocrx_word' id='word_1_79' title='bbox 986 679 1018 702; x_wconf 86' lang='lat' dir='ltr'><strong>et</strong></span> <span class='ocrx_word' id='word_1_80' title='bbox 1042 681 1210 711; x_wconf 75' lang='lat' dir='ltr'><strong>agnoscat.</strong></span> 
     </span>
     <span class='ocr_line' id='line_1_11' title="bbox 72 728 1213 776; baseline 0.002 -15"><span class='ocrx_word' id='word_1_81' title='bbox 72 728 365 770; x_wconf 77' lang='lat' dir='ltr'><strong>misericordiae3)</strong></span> <span class='ocrx_word' id='word_1_82' title='bbox 390 742 460 761; x_wconf 86' lang='lat' dir='ltr'><strong>csse</strong></span> <span class='ocrx_word' id='word_1_83' title='bbox 487 729 617 762; x_wconf 86' lang='lat' dir='ltr'><strong>divinae</strong></span> <span class='ocrx_word' id='word_1_84' title='bbox 644 739 676 762; x_wconf 89' lang='lat' dir='ltr'><strong>et</strong></span> <span class='ocrx_word' id='word_1_85' title='bbox 700 730 919 774; x_wconf 81' lang='lat' dir='ltr'><strong>aequissimae</strong></span> <span class='ocrx_word' id='word_1_86' title='bbox 946 730 1016 776; x_wconf 80' lang='lat' dir='ltr'><strong>ejus</strong></span> <span class='ocrx_word' id='word_1_87' title='bbox 1041 731 1213 775; x_wconf 82' lang='lat' dir='ltr'><strong>dispensa-</strong></span> 
     </span>
     <span class='ocr_line' id='line_1_12' title="bbox 74 789 1212 836; baseline 0.002 -15"><span class='ocrx_word' id='word_1_88' title='bbox 74 789 175 822; x_wconf 85' lang='lat' dir='ltr'><strong>tionis</strong></span> <span class='ocrx_word' id='word_1_89' title='bbox 201 789 300 822; x_wconf 76' lang='lat' dir='ltr'><strong>etiam</strong></span> <span class='ocrx_word' id='word_1_90' title='bbox 328 790 392 821; x_wconf 78' lang='lat' dir='ltr'><strong>hoc</strong></span> <span class='ocrx_word' id='word_1_91' title='bbox 418 791 540 834; x_wconf 84' lang='lat' dir='ltr'><strong>ipsum,</strong></span> <span class='ocrx_word' id='word_1_92' title='bbox 567 791 658 835; x_wconf 90' lang='lat' dir='ltr'><strong>quod</strong></span> <span class='ocrx_word' id='word_1_93' title='bbox 684 790 857 823; x_wconf 89' lang='lat' dir='ltr'><strong>interdum</strong></span> <span class='ocrx_word' id='word_1_94' title='bbox 882 790 1070 823; x_wconf 83' lang='lat' dir='ltr'><strong>dissimulat</strong></span> <span class='ocrx_word' id='word_1_95' title='bbox 1093 791 1212 836; x_wconf 80' lang='lat' dir='ltr'><strong>aliqui-</strong></span> 
     </span>
     <span class='ocr_line' id='line_1_13' title="bbox 74 851 1211 894; baseline 0.002 -12"><span class='ocrx_word' id='word_1_96' title='bbox 74 851 136 882; x_wconf 83' lang='lat' dir='ltr'><strong>bus</strong></span> <span class='ocrx_word' id='word_1_97' title='bbox 160 860 339 894; x_wconf 82' lang='lat' dir='ltr'><strong>praestare,</strong></span> <span class='ocrx_word' id='word_1_98' title='bbox 371 861 408 883; x_wconf 88' lang='lat' dir='ltr'><strong>ut</strong></span> <span class='ocrx_word' id='word_1_99' title='bbox 433 852 484 883; x_wconf 84' lang='lat' dir='ltr'><strong>vel</strong></span> <span class='ocrx_word' id='word_1_100' title='bbox 513 851 658 891; x_wconf 73' lang='lat' dir='ltr'><strong>videant,</strong></span> <span class='ocrx_word' id='word_1_101' title='bbox 683 852 735 883; x_wconf 87' lang='lat' dir='ltr'><strong>vel</strong></span> <span class='ocrx_word' id='word_1_102' title='bbox 760 851 898 884; x_wconf 77' lang='lat' dir='ltr'><strong>audiant</strong></span> <span class='ocrx_word' id='word_1_103' title='bbox 922 851 1053 884; x_wconf 86' lang='lat' dir='ltr'><strong>virtutis</strong></span> <span class='ocrx_word' id='word_1_104' title='bbox 1079 852 1211 884; x_wconf 80' lang='lat' dir='ltr'><strong>divinae</strong></span> 
     </span>
     <span class='ocr_line' id='line_1_14' title="bbox 75 911 1212 958; baseline 0.002 -16"><span class='ocrx_word' id='word_1_105' title='bbox 75 911 175 955; x_wconf 82' lang='lat'>(129)</span> <span class='ocrx_word' id='word_1_106' title='bbox 206 913 382 958; x_wconf 77' lang='lat' dir='ltr'><strong>mysteria,</strong></span> <span class='ocrx_word' id='word_1_107' title='bbox 418 926 458 945; x_wconf 84' lang='lat' dir='ltr'><strong>uc</strong></span> <span class='ocrx_word' id='word_1_108' title='bbox 491 913 663 954; x_wconf 80' lang='lat' dir='ltr'><strong>signorum</strong></span> <span class='ocrx_word' id='word_1_109' title='bbox 696 912 876 944; x_wconf 78' lang='lat' dir='ltr'><strong>virtutibus</strong></span> <span class='ocrx_word' id='word_1_110' title='bbox 902 912 994 952; x_wconf 84' lang='lat' dir='ltr'><strong>visis,</strong></span> <span class='ocrx_word' id='word_1_111' title='bbox 1025 922 1058 944; x_wconf 85' lang='lat' dir='ltr'><strong>et</strong></span> <span class='ocrx_word' id='word_1_112' title='bbox 1081 913 1212 957; x_wconf 87' lang='lat' dir='ltr'><strong>sapien-</strong></span> 
     </span>
     <span class='ocr_line' id='line_1_15' title="bbox 73 970 1213 1018; baseline 0.002 -15"><span class='ocrx_word' id='word_1_113' title='bbox 73 971 140 1004; x_wconf 78' lang='lat' dir='ltr'><strong>tiae</strong></span> <span class='ocrx_word' id='word_1_114' title='bbox 171 970 242 1017; x_wconf 82' lang='lat' dir='ltr'><strong>ejus</strong></span> <span class='ocrx_word' id='word_1_115' title='bbox 276 973 444 1018; x_wconf 75' lang='lat' dir='ltr'><strong>mysteriis</strong></span> <span class='ocrx_word' id='word_1_116' title='bbox 468 974 587 1015; x_wconf 73' lang='lat' dir='ltr'><strong>agnitis</strong></span> <span class='ocrx_word' id='word_1_117' title='bbox 614 983 646 1005; x_wconf 90' lang='lat' dir='ltr'><strong>et</strong></span> <span class='ocrx_word' id='word_1_118' title='bbox 671 973 809 1013; x_wconf 76' lang='lat' dir='ltr'><strong>auditis,</strong></span> <span class='ocrx_word' id='word_1_119' title='bbox 846 973 873 1005; x_wconf 86' lang='lat' dir='ltr'><strong>si</strong></span> <span class='ocrx_word' id='word_1_120' title='bbox 899 973 1141 1005; x_wconf 83' lang='lat' dir='ltr'><strong>contemserint</strong></span> <span class='ocrx_word' id='word_1_121' title='bbox 1164 983 1213 1005; x_wconf 78' lang='lat' dir='ltr'><strong>at-</strong></span> 
     </span>
     <span class='ocr_line' id='line_1_16' title="bbox 74 1032 1213 1077; baseline 0.002 -13"><span class='ocrx_word' id='word_1_122' title='bbox 74 1045 138 1076; x_wconf 86' lang='lat' dir='ltr'><strong>que</strong></span> <span class='ocrx_word' id='word_1_123' title='bbox 152 1033 184 1076; x_wconf 61' lang='grc' dir='ltr'><strong>α)</strong></span> <span class='ocrx_word' id='word_1_124' title='bbox 228 1032 457 1074; x_wconf 82' lang='lat' dir='ltr'><strong>neglexerint,</strong></span> <span class='ocrx_word' id='word_1_125' title='bbox 505 1034 656 1075; x_wconf 80' lang='lat' dir='ltr'><strong>graviore</strong></span> <span class='ocrx_word' id='word_1_126' title='bbox 699 1033 884 1077; x_wconf 76' lang='lat' dir='ltr'><strong>impietatis</strong></span> <span class='ocrx_word' id='word_1_127' title='bbox 923 1033 1213 1066; x_wconf 76' lang='lat' dir='ltr'><strong>animadversione</strong></span> 
     </span>
     <span class='ocr_line' id='line_1_17' title="bbox 76 1093 293 1125; baseline 0.005 -1"><span class='ocrx_word' id='word_1_128' title='bbox 76 1093 293 1125; x_wconf 82' lang='lat' dir='ltr'><strong>mulctentur.</strong></span> 
     </span>
    </p>

    <p class='ocr_par' dir='ltr' id='par_1_3' title="bbox 74 1154 1215 1562">
     <span class='ocr_line' id='line_1_18' title="bbox 166 1154 1212 1199; baseline 0.001 -12"><span class='ocrx_word' id='word_1_129' title='bbox 166 1154 217 1188; x_wconf 82' lang='grc'><strong>18.</strong></span> <span class='ocrx_word' id='word_1_130' title='bbox 266 1154 448 1186; x_wconf 81' lang='lat' dir='ltr'><strong>Videamus</strong></span> <span class='ocrx_word' id='word_1_131' title='bbox 485 1167 573 1186; x_wconf 89' lang='lat' dir='ltr'><strong>nunc</strong></span> <span class='ocrx_word' id='word_1_132' title='bbox 614 1164 647 1187; x_wconf 85' lang='lat' dir='ltr'><strong>ct</strong></span> <span class='ocrx_word' id='word_1_133' title='bbox 685 1156 727 1187; x_wconf 87' lang='lat' dir='ltr'><strong>de</strong></span> <span class='ocrx_word' id='word_1_134' title='bbox 761 1167 820 1194; x_wconf 80' lang='lat' dir='ltr'><strong>eu,</strong></span> <span class='ocrx_word' id='word_1_135' title='bbox 860 1156 952 1199; x_wconf 88' lang='lat' dir='ltr'><strong>quod</strong></span> <span class='ocrx_word' id='word_1_136' title='bbox 986 1155 1113 1187; x_wconf 88' lang='lat' dir='ltr'><strong>dictum</strong></span> <span class='ocrx_word' id='word_1_137' title='bbox 1146 1165 1212 1189; x_wconf 80' lang='lat' dir='ltr'><strong>est:</strong></span> 
     </span>
     <span class='ocr_line' id='line_1_19' title="bbox 77 1215 1211 1259; baseline 0 -12"><span class='ocrx_word' id='word_1_138' title='bbox 77 1216 221 1259; x_wconf 89' lang='lat' dir='ltr'><strong>„Non⁵)</strong></span> <span class='ocrx_word' id='word_1_139' title='bbox 247 1215 405 1254; x_wconf 72' lang='lat' dir='ltr'><strong>volentis,</strong></span> <span class='ocrx_word' id='word_1_140' title='bbox 428 1228 537 1259; x_wconf 84' lang='lat' dir='ltr'><strong>neque</strong></span> <span class='ocrx_word' id='word_1_141' title='bbox 563 1215 737 1258; x_wconf 83' lang='lat' dir='ltr'><strong>currentis,</strong></span> <span class='ocrx_word' id='word_1_142' title='bbox 763 1216 820 1247; x_wconf 87' lang='lat' dir='ltr'><strong>sed</strong></span> <span class='ocrx_word' id='word_1_143' title='bbox 839 1215 1028 1248; x_wconf 81' lang='lat' dir='ltr'><strong>miserentis</strong></span> <span class='ocrx_word' id='word_1_144' title='bbox 1046 1224 1095 1247; x_wconf 86' lang='lat' dir='ltr'><strong>est</strong></span> <span class='ocrx_word' id='word_1_145' title='bbox 1111 1215 1211 1248; x_wconf 80' lang='lat' dir='ltr'><strong>Dei.“</strong></span> 
     </span>
     <span class='ocr_line' id='line_1_20' title="bbox 77 1275 1213 1320; baseline 0.002 -13"><span class='ocrx_word' id='word_1_146' title='bbox 77 1276 180 1308; x_wconf 85' lang='lat' dir='ltr'><strong>Aiunt</strong></span> <span class='ocrx_word' id='word_1_147' title='bbox 214 1275 302 1308; x_wconf 86' lang='lat' dir='ltr'><strong>enim</strong></span> <span class='ocrx_word' id='word_1_148' title='bbox 329 1277 424 1320; x_wconf 74' lang='lat' dir='ltr'>1.i‚⁶)</span> <span class='ocrx_word' id='word_1_149' title='bbox 456 1277 514 1320; x_wconf 85' lang='lat' dir='ltr'><strong>qui</strong></span> <span class='ocrx_word' id='word_1_150' title='bbox 539 1289 556 1308; x_wconf 86' lang='lat' dir='ltr'><strong>e</strong></span> <span class='ocrx_word' id='word_1_151' title='bbox 582 1276 715 1309; x_wconf 86' lang='lat' dir='ltr'><strong>diverso</strong></span> <span class='ocrx_word' id='word_1_152' title='bbox 740 1285 833 1309; x_wconf 86' lang='lat' dir='ltr'><strong>sunt:</strong></span> <span class='ocrx_word' id='word_1_153' title='bbox 865 1276 902 1308; x_wconf 87' lang='lat' dir='ltr'><strong>Si</strong></span> <span class='ocrx_word' id='word_1_154' title='bbox 927 1289 995 1308; x_wconf 88' lang='lat' dir='ltr'><strong>non</strong></span> <span class='ocrx_word' id='word_1_155' title='bbox 1021 1286 1069 1308; x_wconf 87' lang='lat' dir='ltr'><strong>est</strong></span> <span class='ocrx_word' id='word_1_156' title='bbox 1096 1277 1213 1309; x_wconf 88' lang='lat' dir='ltr'><strong>volen-</strong></span> 
     </span>
     <span class='ocr_line' id='line_1_21' title="bbox 75 1335 1213 1382; baseline 0 -14"><span class='ocrx_word' id='word_1_157' title='bbox 75 1335 134 1375; x_wconf 84' lang='lat' dir='ltr'><strong>tis,</strong></span> <span class='ocrx_word' id='word_1_158' title='bbox 159 1349 269 1380; x_wconf 89' lang='lat' dir='ltr'><strong>neque</strong></span> <span class='ocrx_word' id='word_1_159' title='bbox 296 1337 477 1376; x_wconf 83' lang='lat' dir='ltr'><strong>currentis,</strong></span> <span class='ocrx_word' id='word_1_160' title='bbox 502 1338 561 1369; x_wconf 75' lang='lat' dir='ltr'><strong>sed</strong></span> <span class='ocrx_word' id='word_1_161' title='bbox 588 1337 680 1382; x_wconf 80' lang='lat' dir='ltr'><strong>cujus</strong></span> <span class='ocrx_word' id='word_1_162' title='bbox 696 1337 729 1378; x_wconf 91' lang='lat'><strong>⁷)</strong></span> <span class='ocrx_word' id='word_1_163' title='bbox 755 1337 849 1369; x_wconf 86' lang='lat' dir='ltr'><strong>Deus</strong></span> <span class='ocrx_word' id='word_1_164' title='bbox 877 1336 1072 1376; x_wconf 84' lang='lat' dir='ltr'><strong>miseretur,</strong></span> <span class='ocrx_word' id='word_1_165' title='bbox 1098 1336 1124 1369; x_wconf 86' lang='lat' dir='ltr'><strong>is</strong></span> <span class='ocrx_word' id='word_1_166' title='bbox 1149 1338 1213 1369; x_wconf 81' lang='lat' dir='ltr'><strong>sal-</strong></span> 
     </span>
     <span class='ocr_line' id='line_1_22' title="bbox 78 1397 1212 1438; baseline 0.002 -10"><span class='ocrx_word' id='word_1_167' title='bbox 78 1406 190 1438; x_wconf 81' lang='lat' dir='ltr'><strong>vatur,</strong></span> <span class='ocrx_word' id='word_1_168' title='bbox 221 1410 289 1429; x_wconf 91' lang='lat' dir='ltr'><strong>non</strong></span> <span class='ocrx_word' id='word_1_169' title='bbox 324 1407 373 1430; x_wconf 85' lang='lat' dir='ltr'><strong>est</strong></span> <span class='ocrx_word' id='word_1_170' title='bbox 404 1398 436 1429; x_wconf 87' lang='lat' dir='ltr'><strong>in</strong></span> <span class='ocrx_word' id='word_1_171' title='bbox 476 1397 575 1430; x_wconf 81' lang='lat' dir='ltr'><strong>nobis</strong></span> <span class='ocrx_word' id='word_1_172' title='bbox 601 1407 639 1430; x_wconf 89' lang='lat' dir='ltr'><strong>ut</strong></span> <span class='ocrx_word' id='word_1_173' title='bbox 662 1398 838 1431; x_wconf 77' lang='lat' dir='ltr'><strong>salvemur.</strong></span> <span class='ocrx_word' id='word_1_174' title='bbox 889 1400 957 1430; x_wconf 83' lang='lat' dir='ltr'><strong>Aut</strong></span> <span class='ocrx_word' id='word_1_175' title='bbox 983 1397 1071 1429; x_wconf 85' lang='lat' dir='ltr'><strong>enim</strong></span> <span class='ocrx_word' id='word_1_176' title='bbox 1096 1407 1212 1430; x_wconf 78' lang='lat' dir='ltr'><strong>natura</strong></span> 
     </span>
     <span class='ocr_line' id='line_1_23' title="bbox 74 1456 1215 1502; baseline 0.001 -13"><span class='ocrx_word' id='word_1_177' title='bbox 74 1466 187 1489; x_wconf 80' lang='lat' dir='ltr'><strong>nostra</strong></span> <span class='ocrx_word' id='word_1_178' title='bbox 212 1456 287 1489; x_wconf 81' lang='lat' dir='ltr'><strong>talis</strong></span> <span class='ocrx_word' id='word_1_179' title='bbox 313 1466 378 1497; x_wconf 83' lang='lat' dir='ltr'><strong>cst,</strong></span> <span class='ocrx_word' id='word_1_180' title='bbox 409 1467 447 1490; x_wconf 89' lang='lat' dir='ltr'><strong>ut</strong></span> <span class='ocrx_word' id='word_1_181' title='bbox 472 1459 523 1490; x_wconf 83' lang='lat' dir='ltr'><strong>vel</strong></span> <span class='ocrx_word' id='word_1_182' title='bbox 548 1458 665 1490; x_wconf 82' lang='lat' dir='ltr'><strong>salvari</strong></span> <span class='ocrx_word' id='word_1_183' title='bbox 691 1458 876 1502; x_wconf 81' lang='lat' dir='ltr'><strong>possimus,</strong></span> <span class='ocrx_word' id='word_1_184' title='bbox 907 1458 960 1490; x_wconf 93' lang='lat' dir='ltr'><strong>vel</strong></span> <span class='ocrx_word' id='word_1_185' title='bbox 986 1471 1054 1490; x_wconf 90' lang='lat' dir='ltr'><strong>non</strong></span> <span class='ocrx_word' id='word_1_186' title='bbox 1077 1459 1215 1499; x_wconf 79' lang='lat' dir='ltr'><strong>salvari;</strong></span> 
     </span>
     <span class='ocr_line' id='line_1_24' title="bbox 75 1517 1215 1562; baseline 0.001 -12"><span class='ocrx_word' id='word_1_187' title='bbox 75 1527 132 1550; x_wconf 83' lang='lat' dir='ltr'><strong>aut</strong></span> <span class='ocrx_word' id='word_1_188' title='bbox 157 1527 245 1550; x_wconf 83' lang='lat' dir='ltr'><strong>certe</strong></span> <span class='ocrx_word' id='word_1_189' title='bbox 271 1517 304 1550; x_wconf 83' lang='lat' dir='ltr'><strong>in</strong></span> <span class='ocrx_word' id='word_1_190' title='bbox 333 1518 505 1550; x_wconf 79' lang='lat' dir='ltr'><strong>voluntate</strong></span> <span class='ocrx_word' id='word_1_191' title='bbox 531 1519 601 1550; x_wconf 74' lang='lat' dir='ltr'><strong>sola</strong></span> <span class='ocrx_word' id='word_1_192' title='bbox 630 1528 674 1549; x_wconf 68' lang='lat' dir='ltr'><strong>cst</strong></span> <span class='ocrx_word' id='word_1_193' title='bbox 704 1518 788 1562; x_wconf 67' lang='lat' dir='ltr'><strong>ejus,</strong></span> <span class='ocrx_word' id='word_1_194' title='bbox 828 1518 884 1562; x_wconf 80' lang='lat' dir='ltr'><strong>qui</strong></span> <span class='ocrx_word' id='word_1_195' title='bbox 909 1518 935 1549; x_wconf 81' lang='lat' dir='ltr'><strong>si</strong></span> <span class='ocrx_word' id='word_1_196' title='bbox 962 1520 1050 1558; x_wconf 80' lang='lat' dir='ltr'><strong>vult,</strong></span> <span class='ocrx_word' id='word_1_197' title='bbox 1076 1520 1215 1551; x_wconf 82' lang='lat' dir='ltr'><strong>misere-</strong></span> 
     </span>
    </p>
   </div>
   <div class='ocr_carea' id='block_1_3' title="bbox 79 1579 328 1611">
    <p class='ocr_par' dir='ltr' id='par_1_4' title="bbox 79 1579 328 1611">
     <span class='ocr_line' id='line_1_25' title="bbox 79 1579 328 1611; baseline -0.004 0"><span class='ocrx_word' id='word_1_198' title='bbox 79 1588 134 1611; x_wconf 88' lang='lat' dir='ltr'><strong>tur</strong></span> <span class='ocrx_word' id='word_1_199' title='bbox 159 1588 192 1611; x_wconf 89' lang='lat' dir='ltr'><strong>et</strong></span> <span class='ocrx_word' id='word_1_200' title='bbox 215 1579 328 1611; x_wconf 81' lang='lat' dir='ltr'><strong>salvat.</strong></span> 
     </span>
    </p>
   </div>
   <div class='ocr_carea' id='block_1_4' title="bbox 81 1742 1213 1830">
    <p class='ocr_par' dir='ltr' id='par_1_5' title="bbox 81 1742 1213 1830">
     <span class='ocr_line' id='line_1_26' title="bbox 174 1742 1213 1786; baseline 0.001 -12"><span class='ocrx_word' id='word_1_201' title='bbox 174 1742 206 1786; x_wconf 90' lang='lat'><strong>¹)</strong></span> <span class='ocrx_word' id='word_1_202' title='bbox 230 1742 293 1775; x_wconf 77' lang='lat' dir='ltr'><strong>Ed.</strong></span> <span class='ocrx_word' id='word_1_203' title='bbox 318 1743 368 1775; x_wconf 87' lang='grc' dir='ltr'><strong>Μ.</strong></span> <span class='ocrx_word' id='word_1_204' title='bbox 393 1743 437 1774; x_wconf 87' lang='lat' dir='ltr'><strong>ll.</strong></span> <span class='ocrx_word' id='word_1_205' title='bbox 467 1743 608 1786; x_wconf 66' lang='lat' dir='ltr'><strong>»quod«</strong></span> <span class='ocrx_word' id='word_1_206' title='bbox 639 1763 678 1766; x_wconf 97' lang='lat'><strong>—</strong></span> <span class='ocrx_word' id='word_1_207' title='bbox 713 1742 800 1775; x_wconf 87' lang='lat' dir='ltr'><strong>Vide</strong></span> <span class='ocrx_word' id='word_1_208' title='bbox 827 1743 885 1776; x_wconf 82' lang='lat' dir='ltr'><strong>lib.</strong></span> <span class='ocrx_word' id='word_1_209' title='bbox 912 1743 950 1774; x_wconf 91' lang='lat' dir='ltr'><strong>ll.</strong></span> <span class='ocrx_word' id='word_1_210' title='bbox 977 1742 1213 1785; x_wconf 76' lang='lat' dir='ltr'><strong>Origenianor.</strong></span> 
     </span>
     <span class='ocr_line' id='line_1_27' title="bbox 81 1787 502 1830; baseline 0.002 -11"><span class='ocrx_word' id='word_1_211' title='bbox 81 1795 207 1830; x_wconf 74' lang='lat' dir='ltr'><strong>quaest.</strong></span> <span class='ocrx_word' id='word_1_212' title='bbox 233 1787 306 1820; x_wconf 89' lang='lat' dir='ltr'><strong>Vll.</strong></span> <span class='ocrx_word' id='word_1_213' title='bbox 331 1799 422 1819; x_wconf 87' lang='lat' dir='ltr'><strong>num.</strong></span> <span class='ocrx_word' id='word_1_214' title='bbox 450 1787 502 1820; x_wconf 81' lang='grc'><strong>17.</strong></span> 
     </span>
    </p>
   </div>
   <div class='ocr_carea' id='block_1_5' title="bbox 79 1840 1217 1962">
    <p class='ocr_par' dir='ltr' id='par_1_6' title="bbox 79 1840 1217 1962">
     <span class='ocr_line' id='line_1_28' title="bbox 172 1840 1213 1885; baseline 0.001 -12"><span class='ocrx_word' id='word_1_215' title='bbox 172 1842 207 1884; x_wconf 79' lang='lat'><strong>²)</strong></span> <span class='ocrx_word' id='word_1_216' title='bbox 232 1841 289 1873; x_wconf 82' lang='lat' dir='ltr'><strong>Sic</strong></span> <span class='ocrx_word' id='word_1_217' title='bbox 313 1840 395 1873; x_wconf 87' lang='lat' dir='ltr'><strong>Mss.</strong></span> <span class='ocrx_word' id='word_1_218' title='bbox 420 1842 455 1873; x_wconf 92' lang='lat' dir='ltr'><strong>ln</strong></span> <span class='ocrx_word' id='word_1_219' title='bbox 482 1841 579 1873; x_wconf 79' lang='lat' dir='ltr'><strong>editis</strong></span> <span class='ocrx_word' id='word_1_220' title='bbox 605 1842 651 1884; x_wconf 86' lang='lat' dir='ltr'><strong>(v.</strong></span> <span class='ocrx_word' id='word_1_221' title='bbox 677 1855 704 1874; x_wconf 91' lang='lat' dir='ltr'><strong>c</strong></span> <span class='ocrx_word' id='word_1_222' title='bbox 731 1841 807 1874; x_wconf 87' lang='lat' dir='ltr'><strong>edd.</strong></span> <span class='ocrx_word' id='word_1_223' title='bbox 833 1842 898 1885; x_wconf 91' lang='grc' dir='ltr'><strong>Μ)</strong></span> <span class='ocrx_word' id='word_1_224' title='bbox 925 1842 1063 1884; x_wconf 81' lang='lat' dir='ltr'><strong>legitur:</strong></span> <span class='ocrx_word' id='word_1_225' title='bbox 1090 1854 1213 1882; x_wconf 81' lang='lat' dir='ltr'><strong>„esse,«</strong></span> 
     </span>
     <span class='ocr_line' id='line_1_29' title="bbox 79 1886 1217 1930; baseline 0.001 -13"><span class='ocrx_word' id='word_1_226' title='bbox 79 1898 159 1929; x_wconf 88' lang='lat' dir='ltr'><strong>pro:</strong></span> <span class='ocrx_word' id='word_1_227' title='bbox 187 1886 333 1926; x_wconf 82' lang='lat' dir='ltr'><strong>„dcesse.</strong></span> <span class='ocrx_word' id='word_1_228' title='bbox 339 1889 356 1906; x_wconf 89' lang='lat'>“</span> <span class='ocrx_word' id='word_1_229' title='bbox 385 1886 422 1918; x_wconf 82' lang='lat' dir='ltr'><strong>R.</strong></span> <span class='ocrx_word' id='word_1_230' title='bbox 450 1906 490 1911; x_wconf 89' lang='lat'>—</span> <span class='ocrx_word' id='word_1_231' title='bbox 515 1886 578 1918; x_wconf 87' lang='lat' dir='ltr'><strong>Ed.</strong></span> <span class='ocrx_word' id='word_1_232' title='bbox 604 1887 652 1918; x_wconf 83' lang='lat' dir='ltr'><strong>M.</strong></span> <span class='ocrx_word' id='word_1_233' title='bbox 681 1887 719 1919; x_wconf 95' lang='lat' dir='ltr'><strong>ll</strong></span> <span class='ocrx_word' id='word_1_234' title='bbox 747 1894 947 1930; x_wconf 81' lang='lat' dir='ltr'><strong>„totumque</strong></span> <span class='ocrx_word' id='word_1_235' title='bbox 972 1899 989 1918; x_wconf 82' lang='lat' dir='ltr'>a</span> <span class='ocrx_word' id='word_1_236' title='bbox 1005 1887 1082 1918; x_wconf 91' lang='lat' dir='ltr'><strong>Deo</strong></span> <span class='ocrx_word' id='word_1_237' title='bbox 1109 1896 1142 1918; x_wconf 89' lang='lat' dir='ltr'><strong>et</strong></span> <span class='ocrx_word' id='word_1_238' title='bbox 1165 1886 1217 1919; x_wconf 89' lang='lat' dir='ltr'><strong>ni·-</strong></span> 
     </span>
     <span class='ocr_line' id='line_1_30' title="bbox 82 1929 524 1962; baseline 0.002 -2"><span class='ocrx_word' id='word_1_239' title='bbox 82 1931 129 1962; x_wconf 83' lang='lat' dir='ltr'><strong>hil</strong></span> <span class='ocrx_word' id='word_1_240' title='bbox 155 1943 171 1962; x_wconf 75' lang='lat' dir='ltr'>a</span> <span class='ocrx_word' id='word_1_241' title='bbox 197 1942 231 1962; x_wconf 85' lang='lat' dir='ltr'><strong>se</strong></span> <span class='ocrx_word' id='word_1_242' title='bbox 257 1943 326 1962; x_wconf 86' lang='lat' dir='ltr'><strong>essc</strong></span> <span class='ocrx_word' id='word_1_243' title='bbox 352 1929 433 1962; x_wconf 85' lang='lat' dir='ltr'><strong>sibi«</strong></span> <span class='ocrx_word' id='word_1_244' title='bbox 462 1939 524 1962; x_wconf 83' lang='lat' dir='ltr'><strong>etc.</strong></span> 
     </span>
    </p>
   </div>
   <div class='ocr_carea' id='block_1_6' title="bbox 173 1984 1216 2028">
    <p class='ocr_par' dir='ltr' id='par_1_7' title="bbox 173 1984 1216 2028">
     <span class='ocr_line' id='line_1_31' title="bbox 173 1984 1216 2028; baseline 0.001 -12"><span class='ocrx_word' id='word_1_245' title='bbox 173 1985 206 2028; x_wconf 84' lang='grc'><strong>3)</strong></span> <span class='ocrx_word' id='word_1_246' title='bbox 232 1984 289 2017; x_wconf 83' lang='lat' dir='ltr'><strong>Sic</strong></span> <span class='ocrx_word' id='word_1_247' title='bbox 321 1984 400 2017; x_wconf 84' lang='lat' dir='ltr'><strong>Mss.</strong></span> <span class='ocrx_word' id='word_1_248' title='bbox 434 1984 524 2016; x_wconf 78' lang='lat' dir='ltr'><strong>Alias</strong></span> <span class='ocrx_word' id='word_1_249' title='bbox 557 1985 601 2026; x_wconf 81' lang='lat' dir='ltr'><strong>(v.</strong></span> <span class='ocrx_word' id='word_1_250' title='bbox 638 1997 664 2016; x_wconf 89' lang='lat' dir='ltr'><strong>e.</strong></span> <span class='ocrx_word' id='word_1_251' title='bbox 703 1985 734 2016; x_wconf 89' lang='lat' dir='ltr'><strong>in</strong></span> <span class='ocrx_word' id='word_1_252' title='bbox 769 1985 844 2017; x_wconf 75' lang='lat' dir='ltr'><strong>edd.</strong></span> <span class='ocrx_word' id='word_1_253' title='bbox 872 1984 937 2027; x_wconf 88' lang='lat' dir='ltr'><strong>M.)</strong></span> <span class='ocrx_word' id='word_1_254' title='bbox 973 1995 1027 2017; x_wconf 75' lang='lat' dir='ltr'><strong>»et</strong></span> <span class='ocrx_word' id='word_1_255' title='bbox 1059 1994 1216 2027; x_wconf 80' lang='lat' dir='ltr'><strong>agnoscat</strong></span> 
     </span>
    </p>
   </div>
   <div class='ocr_carea' id='block_1_7' title="bbox 79 2028 1216 2072">
    <p class='ocr_par' dir='ltr' id='par_1_8' title="bbox 79 2028 1216 2072">
     <span class='ocr_line' id='line_1_32' title="bbox 79 2028 1216 2072; baseline 0.002 -12"><span class='ocrx_word' id='word_1_256' title='bbox 79 2041 168 2061; x_wconf 86' lang='lat' dir='ltr'><strong>nunc</strong></span> <span class='ocrx_word' id='word_1_257' title='bbox 186 2042 255 2061; x_wconf 83' lang='lat' dir='ltr'><strong>esse</strong></span> <span class='ocrx_word' id='word_1_258' title='bbox 275 2029 407 2061; x_wconf 73' lang='lat' dir='ltr'><strong>divinae</strong></span> <span class='ocrx_word' id='word_1_259' title='bbox 425 2037 456 2060; x_wconf 88' lang='lat' dir='ltr'><strong>ct</strong></span> <span class='ocrx_word' id='word_1_260' title='bbox 472 2028 690 2072; x_wconf 82' lang='lat' dir='ltr'><strong>aequissimae</strong></span> <span class='ocrx_word' id='word_1_261' title='bbox 708 2041 786 2061; x_wconf 83' lang='lat' dir='ltr'><strong>suae</strong></span> <span class='ocrx_word' id='word_1_262' title='bbox 802 2028 1081 2072; x_wconf 79' lang='lat' dir='ltr'><strong>dispensationis“</strong></span> <span class='ocrx_word' id='word_1_263' title='bbox 1101 2039 1161 2062; x_wconf 87' lang='lat' dir='ltr'><strong>etc.</strong></span> <span class='ocrx_word' id='word_1_264' title='bbox 1175 2030 1216 2063; x_wconf 86' lang='lat' dir='ltr'><strong>R.</strong></span> 
     </span>
    </p>
   </div>
   <div class='ocr_carea' id='block_1_8' title="bbox 172 2083 1216 2127">
    <p class='ocr_par' dir='ltr' id='par_1_9' title="bbox 172 2083 1216 2127">
     <span class='ocr_line' id='line_1_33' title="bbox 172 2083 1216 2127; baseline -0.001 -10"><span class='ocrx_word' id='word_1_265' title='bbox 172 2085 206 2127; x_wconf 75' lang='lat'><strong>⁴)</strong></span> <span class='ocrx_word' id='word_1_266' title='bbox 233 2084 290 2117; x_wconf 86' lang='lat' dir='ltr'><strong>Sic</strong></span> <span class='ocrx_word' id='word_1_267' title='bbox 318 2085 397 2116; x_wconf 80' lang='lat' dir='ltr'><strong>Mss.</strong></span> <span class='ocrx_word' id='word_1_268' title='bbox 435 2084 468 2115; x_wconf 90' lang='lat' dir='ltr'><strong>ln</strong></span> <span class='ocrx_word' id='word_1_269' title='bbox 504 2083 602 2115; x_wconf 84' lang='lat' dir='ltr'><strong>editis</strong></span> <span class='ocrx_word' id='word_1_270' title='bbox 628 2085 673 2126; x_wconf 90' lang='grc' dir='ltr'><strong>(ν.</strong></span> <span class='ocrx_word' id='word_1_271' title='bbox 701 2097 726 2115; x_wconf 90' lang='lat' dir='ltr'><strong>c.</strong></span> <span class='ocrx_word' id='word_1_272' title='bbox 755 2085 832 2118; x_wconf 78' lang='lat' dir='ltr'><strong>cdd.</strong></span> <span class='ocrx_word' id='word_1_273' title='bbox 858 2083 924 2127; x_wconf 89' lang='lat' dir='ltr'><strong>M.)</strong></span> <span class='ocrx_word' id='word_1_274' title='bbox 950 2085 1071 2117; x_wconf 86' lang='lat' dir='ltr'><strong>desunt</strong></span> <span class='ocrx_word' id='word_1_275' title='bbox 1096 2085 1216 2116; x_wconf 77' lang='lat' dir='ltr'><strong>verba:</strong></span> 
     </span>
    </p>
   </div>
   <div class='ocr_carea' id='block_1_9' title="bbox 81 2128 1089 2334">
    <p class='ocr_par' dir='ltr' id='par_1_10' title="bbox 81 2128 1089 2334">
     <span class='ocr_line' id='line_1_34' title="bbox 81 2128 525 2173; baseline 0 -13"><span class='ocrx_word' id='word_1_276' title='bbox 81 2137 199 2173; x_wconf 76' lang='lat' dir='ltr'><strong>»atque</strong></span> <span class='ocrx_word' id='word_1_277' title='bbox 224 2128 459 2170; x_wconf 67' lang='lat' dir='ltr'><strong>neglexerinh«</strong></span> <span class='ocrx_word' id='word_1_278' title='bbox 490 2129 525 2160; x_wconf 75' lang='lat' dir='ltr'><strong>R.</strong></span> 
     </span>
     <span class='ocr_line' id='line_1_35' title="bbox 174 2182 1010 2228; baseline -0.001 -12"><span class='ocrx_word' id='word_1_279' title='bbox 174 2185 208 2228; x_wconf 88' lang='lat'><strong>⁵)</strong></span> <span class='ocrx_word' id='word_1_280' title='bbox 234 2185 333 2216; x_wconf 83' lang='lat' dir='ltr'><strong>Rom.</strong></span> <span class='ocrx_word' id='word_1_281' title='bbox 361 2184 420 2220; x_wconf 87' lang='lat' dir='ltr'><strong>lX-,</strong></span> <span class='ocrx_word' id='word_1_282' title='bbox 446 2183 497 2216; x_wconf 80' lang='lat'><strong>16.</strong></span> <span class='ocrx_word' id='word_1_283' title='bbox 640 2183 673 2227; x_wconf 77' lang='lat'><strong>⁶)</strong></span> <span class='ocrx_word' id='word_1_284' title='bbox 701 2183 761 2215; x_wconf 81' lang='lat' dir='ltr'><strong>Ed.</strong></span> <span class='ocrx_word' id='word_1_285' title='bbox 790 2182 837 2216; x_wconf 87' lang='lat' dir='ltr'><strong>M.</strong></span> <span class='ocrx_word' id='word_1_286' title='bbox 863 2184 906 2217; x_wconf 86' lang='lat' dir='ltr'><strong>ll.</strong></span> <span class='ocrx_word' id='word_1_287' title='bbox 933 2183 1010 2224; x_wconf 83' lang='lat' dir='ltr'><strong>„ii.“</strong></span> 
     </span>
     <span class='ocr_line' id='line_1_36' title="bbox 172 2238 1089 2284; baseline -0.003 -12"><span class='ocrx_word' id='word_1_288' title='bbox 172 2240 206 2284; x_wconf 89' lang='lat'><strong>⁷)</strong></span> <span class='ocrx_word' id='word_1_289' title='bbox 231 2239 279 2272; x_wconf 79' lang='lat' dir='ltr'><strong>lta</strong></span> <span class='ocrx_word' id='word_1_290' title='bbox 305 2239 387 2271; x_wconf 83' lang='lat' dir='ltr'><strong>Mss.</strong></span> <span class='ocrx_word' id='word_1_291' title='bbox 413 2238 506 2270; x_wconf 84' lang='lat' dir='ltr'><strong>Alias</strong></span> <span class='ocrx_word' id='word_1_292' title='bbox 532 2239 578 2283; x_wconf 87' lang='lat' dir='ltr'><strong>(v.</strong></span> <span class='ocrx_word' id='word_1_293' title='bbox 606 2252 632 2270; x_wconf 94' lang='lat' dir='ltr'><strong>c.</strong></span> <span class='ocrx_word' id='word_1_294' title='bbox 659 2238 692 2270; x_wconf 86' lang='lat' dir='ltr'><strong>in</strong></span> <span class='ocrx_word' id='word_1_295' title='bbox 717 2239 793 2270; x_wconf 78' lang='lat' dir='ltr'><strong>edd.</strong></span> <span class='ocrx_word' id='word_1_296' title='bbox 822 2239 888 2282; x_wconf 87' lang='lat' dir='ltr'><strong>M.)</strong></span> <span class='ocrx_word' id='word_1_297' title='bbox 914 2238 1022 2279; x_wconf 78' lang='lat' dir='ltr'><strong>„cui.“</strong></span> <span class='ocrx_word' id='word_1_298' title='bbox 1052 2239 1089 2270; x_wconf 77' lang='lat' dir='ltr'><strong>R.</strong></span> 
     </span>
     <span class='ocr_line' id='line_1_37' title="bbox 121 2299 1020 2334; baseline -0.007 0"><span class='ocrx_word' id='word_1_299' title='bbox 121 2301 302 2334; x_wconf 74' lang='lat' dir='ltr'>ORIGENIS</span> <span class='ocrx_word' id='word_1_300' title='bbox 330 2299 460 2332; x_wconf 61' lang='lat' dir='ltr'><strong>Operm</strong></span> <span class='ocrx_word' id='word_1_301' title='bbox 487 2300 583 2331; x_wconf 60' lang='lat' dir='ltr'><strong>Tou-1.</strong></span> <span class='ocrx_word' id='word_1_302' title='bbox 606 2299 703 2332; x_wconf 90' lang='grc' dir='ltr'><strong>ΧΧΙ.</strong></span> <span class='ocrx_word' id='word_1_303' title='bbox 822 2325 827 2329; x_wconf 78' lang='grc'>,</span> <span class='ocrx_word' id='word_1_304' title='bbox 979 2299 1020 2332; x_wconf 84' lang='grc'><strong>19</strong></span> 
     </span>
    </p>
   </div>
  </div>
 </body>
</html>
