1404 2463
434 134 480 156 m:
507 123 701 158 ancirns
727 126 799 161 Lm.
827 127 883 160 lV.
1165 130 1227 165 2181

89 219 188 257 pant,
205 212 236 256 ¹)
275 212 492 258 participium
531 215 733 260 sumunt,²)
772 225 804 248 ct
816 216 850 261 ³)
896 217 1058 251 humanae
1096 219 1225 252 animae

91 274 242 319 ejusdem
268 274 353 307 lucis
379 284 412 307 ct
435 275 615 320 sapientiae
639 277 857 321 participium
882 289 1089 320 sumserunt,
1122 290 1154 313 et
1178 281 1224 314 ita

88 345 164 368 sunt
195 336 294 369 unius
325 346 463 369 naturae
488 337 530 370 ad
554 336 700 370 invicem
725 338 890 384 uniusque
914 341 1135 383 substantiae3
1171 342 1222 375 in-

88 406 269 441 corruptae
306 407 418 431 autem
457 408 534 432 sunt
564 407 598 431 et
629 398 837 433 immortales
869 402 1032 434 coelestes
1066 402 1218 437 virtutes:

86 457 289 491 immortalis
327 459 397 492 sine
429 459 534 492 dubio
569 469 601 492 et
631 460 827 505 incorrupta
865 462 927 495 erit
959 463 1059 496 etiam
1093 465 1222 497 animae

86 518 249 552 humanae
282 520 476 555 substantia.
524 519 648 565 Non4)
673 521 784 553 solum
814 532 946 563 autem,
977 525 1035 556 sed
1061 525 1221 569 quoniam

85 579 154 624 ipsa
181 581 288 614 Patris
314 591 346 614 et
370 582 454 614 Filii
479 591 511 614 et
536 581 682 626 Spiritus
705 583 808 614 sancti
833 593 967 624 natura,
999 584 1091 630 cujus
1115 587 1221 620 solius

83 641 323 676 intellectualis
364 639 449 675 lucis
486 643 641 676 universa
677 653 827 676 creatura
859 645 1078 691 participium
1108 648 1221 688 trahit,

83 703 280 748 incorrupta
315 714 364 736 est
398 714 430 736 et
460 715 612 745 aeterna,
648 705 745 737 valde
776 718 984 750 consequens
1016 718 1049 741 et
1071 722 1222 744 necessa—

82 764 170 796 rium
203 774 252 797 est
278 764 379 797 etiam
406 779 542 798 ornnem
566 766 803 806 substantiam,
839 780 924 811 quae
949 778 1102 802 aeternae
1127 770 1220 803 illius

81 835 221 858 naturae
250 826 470 871 participium
502 828 620 867 trahit,
653 828 838 872 perdurare
870 829 969 861 etiam
1002 843 1154 875 semper,
1188 842 1223 864 et

80 886 376 930 incorruptibilem
411 901 498 928 esse,
539 898 572 920 et
604 898 791 930 aeternam;
827 899 864 921 ut
895 889 1028 923 (livinae
1059 892 1220 925 bonitatis

80 948 257 981 aeternitas
283 949 381 982 etiam
406 949 439 982 in
466 962 504 982 ea
528 949 751 992 intelligatur,
783 951 864 982 dum
889 960 922 983 et
945 952 1073 985 aeterni
1096 955 1219 997 sunt⁵)

79 1009 125 1049 hi,
150 1010 213 1054 qui
234 1009 303 1055 ejus
327 1010 490 1044 beneficia
515 1022 777 1055 consequuntur.
826 1012 894 1045 Sed
920 1012 1005 1045 sicut
1028 1014 1220 1059 percipien-

80 1071 142 1103 dae
168 1071 250 1104 lucis
275 1072 448 1104 diversitas
473 1081 602 1105 servata
627 1081 676 1104 est
699 1072 732 1105 in
759 1074 938 1118 exemplis,
977 1087 1053 1107 cum
1079 1076 1132 1108 vel
1157 1077 1218 1108 ob-

81 1131 206 1174 tusior,
245 1134 298 1166 vel
335 1133 468 1166 acutior
500 1135 638 1166 obtutus
666 1134 856 1176 designatus
881 1145 930 1167 est
954 1135 1132 1169 intuentis:
1171 1137 1218 1170 ita

80 1193 181 1226 etiam
209 1195 250 1226 de
275 1195 393 1235 Patris,
419 1205 451 1228 et
474 1195 566 1235 Filii,
599 1204 633 1227 et
656 1195 758 1227 sancti
786 1196 930 1240 Spiritus
955 1197 1217 1241 participatione

80 1256 240 1288 servanda
266 1265 314 1289 est
338 1269 400 1300 pro
426 1256 615 1289 intentione
639 1269 770 1297 sensus,
809 1257 862 1289 vel
886 1258 1007 1291 mentis
1032 1259 1217 1303 capacitate

80 1315 263 1351 diversitas.
312 1318 477 1362 Alioquin
503 1317 772 1359 consideremus,
803 1318 829 1350 si
853 1332 922 1350 non
948 1319 1047 1351 etiam
1073 1320 1216 1364 impium

80 1378 225 1418 videtur,
249 1388 286 1411 ut
310 1392 416 1422 mens,
441 1393 525 1424 quae
550 1379 618 1412 Dei
643 1391 744 1423 capax
771 1389 829 1420 est,
853 1381 1106 1414 substantialem
1130 1382 1217 1415 reci-

78 1440 150 1483 piat
183 1440 375 1473 interitum:
416 1451 573 1486 tanquam
615 1443 680 1474 hoc
718 1441 850 1485 ipsum,
895 1443 990 1485 quod
1026 1442 1216 1485 intelligere

76 1501 191 1533 Deum
216 1511 330 1546 potest
355 1512 388 1535 et
411 1503 546 1545 sentire,
569 1516 638 1534 non
664 1502 694 1535 ei
718 1503 874 1535 sufficere
898 1503 1005 1547 possit
1029 1504 1069 1536 ad
1093 1517 1216 1549 perpe-

77 1562 250 1603 tuitatem,
286 1565 428 1597 maxime
455 1578 549 1604 cum,
583 1564 712 1596 etiamsi
736 1577 798 1608 per
821 1564 1055 1606 negligentiam
1083 1566 1217 1599 decidat

78 1636 189 1664 mens,
213 1637 254 1657 ne
280 1638 363 1668 pure
389 1635 422 1658 et
446 1625 574 1667 integre
596 1624 630 1657 in
655 1638 689 1657 se
713 1625 855 1669 recipiat
879 1625 1058 1671 Deum,⁶)
1081 1640 1216 1672 semper

175 1749 206 1792 ¹)
231 1749 336 1781 Deest
363 1747 608 1792 „participanffl
635 1748 668 1779 in
696 1749 745 1781 cd.
772 1748 901 1792 Redep.

177 1804 211 1848 2)
238 1804 294 1837 Sic
320 1805 399 1841 Mss.
425 1803 518 1836 Editi
544 1805 589 1847 (v.
616 1817 642 1836 c.
670 1805 744 1836 edd.
770 1805 835 1848 M.)
863 1808 1106 1846 „sumserunt.“
1133 1806 1174 1840 R.

176 1861 211 1904 ³)
237 1860 294 1893 Sic
315 1861 394 1893 Mss.
415 1860 450 1892 ln
469 1859 565 1892 editis
583 1859 628 1903 (V.
650 1872 677 1891 c.
695 1860 770 1892 edd.
787 1859 854 1900 M.)
873 1861 1076 1893 omittuntur
1098 1862 1216 1894 verba:

83 1926 137 1957 „ct
170 1917 334 1949 humanae
369 1916 497 1948 animae
530 1914 678 1961 ejusdem
712 1915 796 1948 lucis
822 1925 854 1948 et
876 1915 1059 1960 sapientiae
1082 1916 1218 1960 partici-

77 1973 171 2016 pium
198 1975 422 2004 sumserhmt‘·
449 1972 490 2003 R.

174 2019 208 2060 ⁸²)
235 2017 292 2050 Sic
318 2015 515 2049 Mss.Edi1i
542 2029 621 2048 vero
649 2017 696 2060 (ν.
723 2030 750 2049 c
776 2017 851 2049 cdd.
876 2017 944 2059 Μ.)
978 2018 1075 2058 „Non
1101 2027 1212 2050 autem

77 2073 162 2105 sicut
194 2073 264 2116 ipsa
288 2072 397 2105 Patris
428 2081 462 2104 et
485 2071 567 2104 Filii
592 2091 634 2097 —-
660 2082 794 2112 natura,
822 2072 915 2118 cujus
940 2073 1046 2105 solius
1071 2093 1112 2099 -—
1137 2086 1213 2117 par—

75 2128 230 2172 ticipium
262 2128 385 2167 trahit,
416 2140 501 2171 quae
531 2127 728 2172 incorrupta
761 2137 827 2169 est,
861 2137 893 2160 et
923 2137 1068 2162 aeterna.
1115 2129 1214 2161 Unde

77 2184 174 2216 valde
201 2185 403 2216 conveniens
429 2193 461 2216 et
485 2184 707 2216 necessarium
734 2188 802 2216 cst“
831 2192 894 2216 ete.
921 2184 961 2216 R.

171 2240 204 2283 ⁵)
229 2240 292 2272 Ed.
319 2240 366 2272 M.
395 2241 422 2274 Ι.
452 2249 548 2281 „sunt
574 2249 607 2272 et
631 2239 677 2283 hi,
705 2239 783 2284 qui“
811 2249 874 2273 etc.

170 2295 204 2339 ⁶)
230 2295 294 2330 Ed.
314 2297 362 2329 M.
383 2297 408 2329 Ι.
428 2296 563 2338 „Deum
588 2308 738 2340 semper:
765 2308 840 2327 cum
866 2295 985 2328 habeat
1010 2295 1042 2328 in
1067 2298 1123 2327 se“
1150 2304 1214 2329 etc.

124 2363 302 2397 offlam-[s
328 2363 454 2396 OPERA
480 2364 577 2398 Tom.
601 2364 695 2396 XXI.
974 2363 1015 2398 31
