1404 2463
194 91 260 126 200
657 90 832 123 Omonms

194 193 324 214 norum.
372 180 455 212 Aliis
485 193 625 224 namque
658 181 880 225 praebetur¹)
913 193 973 224 per
1003 179 1167 224 Spiritum
1199 192 1310 212 sermo

195 242 385 287 sapientiae,
408 241 480 274 aliis
504 255 613 274 sermo
637 242 805 281 scientiae,
829 240 901 274 aliis
925 241 1020 282 fides,
1045 250 1078 274 et
1100 241 1144 274 ita
1168 255 1230 286 per
1245 241 1311 274 sin—

194 303 305 345 gulos,
336 303 391 347 qui
416 317 492 336 eum
517 317 633 349 capere
657 312 815 349 possunt,
837 303 902 335 hoc
930 303 1092 344 efficitur,
1123 303 1175 336 vel
1200 303 1312 345 boc²)

194 365 388 407 intelligitur
409 365 478 410 ipse
504 365 663 410 Spiritus,
689 379 756 411 quo
782 365 907 407 indiget
931 364 1006 404 ille,
1031 365 1086 410 qui
1111 378 1185 397 eum
1211 365 1313 410 parti-

196 426 305 471 cipare
330 427 497 460 meruerit.
546 426 636 470 Quas
671 427 848 460 divisiones
873 440 910 459 ac
935 426 1141 460 differentias
1164 440 1232 460 non
1255 427 1312 470 ad-

196 497 358 520 vertentes
384 488 472 532 hist)
499 488 556 534 qui
587 503 662 522 eum
687 489 896 522 Paracletum
920 488 952 521 in
977 489 1148 531 evangelio
1173 488 1314 521 audiunt

197 549 377 590 nominari,
415 563 521 595 neque
552 551 815 590 considerantes,
853 564 890 583 ex
923 563 990 595 quo
1023 563 1125 595 opere
1160 551 1211 583 vel
1237 559 1312 583 actu

198 612 385 644 Paracletus
410 613 617 654 nominetur,
647 613 766 646 vilibus
780 612 812 657 4)
838 625 912 644 eum
937 612 1049 644 nescio
1075 612 1193 657 quibus
1217 610 1314 656 spiri-

201 674 288 705 tibus
314 683 557 718 compararunt,
582 683 614 706 et
635 687 696 718 per
719 674 783 706 hoc
809 675 1006 706 conturbare
1031 673 1140 706 conati
1163 682 1238 706 sunt
1263 686 1316 705 ec·

197 735 311 767 clesias
337 735 477 775 Christi,
515 737 559 768 ita
589 745 626 768 ut
651 736 870 768 dissensiones
894 735 1048 768 fratribus
1073 749 1140 768 non
1163 734 1314 768 modicas

195 806 395 839 generarent.
454 797 667 839 Evangelium
705 811 783 830 vero
820 807 928 830 tantae
961 811 1035 830 eum
1066 796 1238 842 potentiae
1275 810 1313 829 ae

196 857 370 904 majestatis
396 859 556 898 ostendit,
595 867 633 891 ut
665 859 753 891 dicat
783 860 955 904 apostolos
984 872 1051 891 non
1075 871 1173 903 posse
1197 871 1313 903 capere

194 920 300 952 adhuc
333 933 386 960 ea,
422 933 505 964 quac
537 921 673 953 volebat
704 921 824 954 docere
857 934 914 953 eos
938 920 1110 960 Salvator,
1145 919 1208 952 nisi
1238 933 1313 952 cum

195 982 409 1024 advenerit⁵)
435 982 578 1026 Spiritus
604 991 752 1024 sanctus,
784 982 839 1027 qui
870 995 903 1014 se
929 994 1044 1013 corum
1071 981 1242 1013 animabus
1265 981 1315 1013 in-

196 1044 356 1083 fundens,
394 1043 579 1076 illuminare
614 1056 670 1075 cos
695 1043 799 1088 possit
823 1044 863 1076 de
888 1043 1015 1075 ratione
1029 1043 1061 1086 ⁶)
1085 1055 1123 1075 ac
1147 1042 1212 1074 fide
1236 1042 1313 1075 Tri-

195 1105 316 1139 nitatis.
364 1106 421 1138 Isti
446 1119 523 1138 vero
556 1119 619 1150 pro
643 1104 811 1150 imperitia
835 1104 884 1137 sui
908 1104 1114 1144 intellectus,
1145 1103 1314 1149 quianon

197 1168 307 1201 solum
341 1167 420 1212 ipsi,
458 1168 549 1212 quod
579 1177 707 1200 rectum
741 1176 807 1208 est,
847 1175 1090 1211 consequenter
1111 1178 1178 1198 non
1203 1166 1314 1198 valent

196 1243 380 1274 exponere,
417 1230 474 1262 scd
506 1242 548 1261 ne
578 1229 626 1261 his
658 1228 812 1274 quidem,
853 1240 936 1273 quae
971 1241 989 1260 a
1020 1226 1116 1260 nobis
1147 1227 1314 1267 dicuntur,

196 1300 334 1335 possunt
358 1290 558 1323 audientiam
584 1290 810 1328 commodare,
833 1289 961 1322 minora
986 1302 1084 1333 quam
1109 1289 1244 1331 dignum
1265 1298 1314 1321 est

197 1354 237 1384 de
271 1352 339 1397 ejus
373 1351 543 1384 divinitate
568 1351 760 1391 sentientes,
794 1351 962 1383 erroribus
985 1364 1019 1383 se
1043 1364 1079 1384 ac
1104 1350 1314 1395 deceptioni-

199 1416 258 1446 bus
283 1413 508 1451 tradiderunt,
546 1413 684 1445 erratico
710 1412 810 1454 magis
841 1412 962 1457 spiritu
987 1411 1174 1456 depravati,
1214 1425 1312 1457 quam

198 1475 300 1507 sancti
339 1474 482 1519 Spiritus
523 1474 785 1506 institutionibus
826 1474 963 1513 eruditi,
1001 1473 1183 1506 secundum
1221 1474 1313 1517 quod

197 1536 369 1580 apostolus
408 1535 506 1568 dixit:
552 1535 769 1577 „Doctrinam
784 1536 816 1578 ⁷)
847 1534 1024 1579 spirituum
1058 1534 1312 1567 daemoniorum

197 1607 386 1642 sequentes,
423 1597 669 1642 prohibentium
704 1599 828 1630 nubere
858 1597 898 1629 ad
929 1597 1098 1629 interitum
1122 1605 1154 1629 et
1184 1596 1313 1629 ruinam

197 1660 399 1702 multorum,
440 1668 471 1691 et
507 1659 697 1703 importune
734 1671 768 1691 se
799 1658 963 1690 abstinere
995 1671 1013 1690 a
1044 1657 1148 1697 cibis,
1186 1667 1223 1690 ut
1252 1671 1314 1703 per

196 1721 448 1754 ostentationem
486 1721 620 1754 acrioris
662 1720 888 1752 observantiae
919 1720 1077 1752 seducant
1106 1719 1231 1753 animas
1263 1719 1313 1752 in-

198 1787 408 1816 nocentum.“

300 1896 328 1939 ¹)
355 1895 423 1928 Csr.
449 1896 459 1926 Ι
487 1896 564 1928 Cor.
590 1896 665 1935 Xil,
689 1898 719 1929 ὃ.
744 1908 834 1940 seqq.

287 1955 321 1989 ²¹)
349 1951 415 1983 Cfr.
442 1951 493 1984 ed.
518 1951 644 1995 Redep.
670 1964 741 1996 pag.
766 1951 841 1985 204.
866 1960 935 1984 not.
960 1951 991 1984 4.

293 2008 325 2050 ³)
350 2007 412 2039 Ed.
438 2007 485 2040 M.
512 2008 552 2038 Η.
577 2007 654 2047 „ii.“
685 2029 721 2033 —
748 2008 815 2041 Cfr.
841 2020 891 2040 ev.
914 2006 1034 2040 Joann.
1059 2007 1150 2045 XIV,
1173 2005 1227 2040 26.

290 2064 322 2106 ⁴)
349 2063 415 2096 Csr.
441 2063 492 2095 ed.
516 2063 643 2107 Redep.
669 2076 740 2108 pag.
763 2063 837 2097 204.
864 2073 934 2095 not.
959 2063 990 2097 9.

288 2120 321 2161 ⁵)
346 2118 400 2151 Sic
433 2131 548 2151 omnes
573 2120 649 2152 Mss.
682 2119 773 2152 Libri
807 2119 884 2151 editi
912 2121 956 2164 (v.
984 2133 1012 2152 c.
1040 2117 1116 2150 cdd.
1141 2116 1207 2160 Μ.)
1233 2115 1311 2156 „ad-

198 2165 353 2198 veniret.“
380 2164 419 2197 R.
445 2183 484 2188 —
511 2163 580 2196 Cfr.
607 2178 654 2196 ev.
679 2165 798 2197 Joann.
822 2165 912 2204 XlV,
936 2164 989 2199 26.

288 2221 320 2262 ὃ)
347 2219 413 2252 Cfr.
447 2219 498 2252 ed.
530 2220 656 2264 Redep.
690 2234 762 2264 pag.
787 2220 861 2254 201.
886 2230 956 2254 not.
983 2219 1033 2254 16.

295 2277 325 2320 ¹)
352 2276 421 2309 Csr.
448 2277 460 2308 l
486 2275 573 2309 Tim.
601 2276 653 2315 lV,
679 2275 792 2310 1-3.
