1404 2463
199 82 263 117 100
669 82 844 115 Omossms

201 184 285 216 quae
311 171 583 204 manifestissime
603 172 862 210 demonstratur,
887 170 976 214 quod
990 179 1099 202 sancta
1117 178 1192 201 ante
1208 169 1240 213 ¹)
1265 168 1328 201 vir-

203 243 255 266 tus
279 233 359 266 haec
384 233 484 266 suerit
510 243 541 265 ct
565 234 676 275 beata,
708 233 750 265 de
781 245 844 277 qua
875 231 1101 270 beatitudine,
1134 244 1172 263 ex
1204 243 1271 276 quo
1296 231 1329 263 in

203 308 241 327 ea
264 295 395 328 inventa
420 304 468 327 est
492 293 658 338 iniquitas,
682 294 802 333 ruerit,
832 294 865 325 in
890 302 1078 337 terramque
1104 293 1255 325 demersa
1278 292 1330 331 sit,

204 366 238 389 et
259 370 327 389 non
352 370 413 401 per
436 366 584 389 naturam
618 355 916 400 conditionemque
945 356 1019 388 talis
1047 354 1220 388 exstiterit.
1270 356 1330 387 Ar-

202 418 410 462 bitramur²)
443 430 520 459 ergo
561 417 625 449 dici
657 417 738 448 haec
771 417 812 449 de
844 417 961 458 angelo
987 417 1152 461 quodam,
1183 417 1240 461 qui
1264 416 1332 462 Ty-

204 480 333 512 riorum
358 479 462 521 gentis
488 478 727 522 dispensandae
753 478 795 510 sit
818 478 954 510 sortitus
973 477 1136 517 officium,
1162 477 1214 509 cui
1231 477 1331 509 etiam

205 540 333 573 animae
381 553 496 572 eorum
543 539 774 584 procurandae
819 539 973 572 videntur
1015 552 1084 572 esse
1124 538 1331 571 commissae.

206 601 318 645 Quam
341 614 417 634 sane
442 601 581 647 Tyrum,
606 602 657 633 vel
683 614 762 646 quas
785 600 966 646 Tyriorum
984 601 1108 633 animas
1132 601 1253 633 sentire
1277 600 1335 632 de-

208 664 360 696 beamus:
386 672 497 695 utrum
522 662 616 702 hanc,
641 676 725 707 quae
750 662 784 695 in
810 663 1042 706 Phoenices3)
1067 661 1260 707 provinciae
1284 675 1334 694 re-

209 724 361 767 gionibus
385 723 446 757 sita
469 732 527 764 est,
552 724 628 769 (68)
656 737 695 756 an
713 724 812 757 aliam
832 724 988 770 aliquam,
1013 724 1105 770 cujus
1123 724 1213 763 haec,
1237 736 1335 768 quarn

209 786 244 819 in
267 786 362 818 terris
386 785 559 826 novimus,
584 786 692 818 forma
717 795 783 828 est;
816 795 849 819 et
872 787 996 819 animas
1020 787 1201 833 Tyriorum
1224 794 1335 817 utrum

211 847 350 887 horum,
375 860 414 880 an
446 860 582 888 eorum,
614 847 671 892 qui
696 848 872 880 domestici
903 857 979 881 sunt
1003 847 1092 880 iltius
1117 847 1222 892 Tyri,
1253 859 1337 891 quae

209 908 426 953 spiritualiter
455 908 670 951 intelligitur,
704 909 738 941 in
770 910 835 942 hoc
865 910 942 942 loco
974 922 1042 942 non
1075 909 1206 941 videtur
1228 907 1338 952 requi-

210 970 369 1002 rendum:
394 983 435 1002 ne
459 971 548 1002 forte
574 970 665 1003 velut
688 970 722 1003 in
735 971 767 1014 4)
792 972 930 1004 transitu
955 972 996 1003 de
1013 971 1110 1003 tantis
1135 979 1168 1003 et
1191 979 1258 1002 tam
1282 970 1337 1001 ab·

209 1031 368 1064 sconditis
392 1033 490 1064 rebus
515 1032 689 1064 videamur
711 1032 891 1076 inquirere,
916 1032 1007 1077 quod
1024 1032 1140 1076 utique
1159 1030 1337 1076 proprium

211 1093 264 1126 vel
289 1106 374 1138 opus
398 1093 509 1136 exigit,
533 1094 586 1125 vel
610 1093 772 1126 laborem.

306 1155 337 1189 5.
384 1155 530 1188 Rursum
552 1164 663 1187 tamen
677 1155 776 1187 etiarn
792 1155 834 1187 de
849 1154 913 1186 alia
926 1155 958 1200 ⁵)
975 1155 1096 1187 virtute
1114 1153 1278 1187 contraria
1298 1154 1338 1186 ab

213 1215 310 1248 Esaia
334 1216 500 1261 propheta
523 1216 601 1249 talia
617 1218 778 1261 quaedam
800 1217 969 1249 docemur.
1008 1216 1065 1249 Ait
1082 1216 1192 1249 enim:
1217 1216 1338 1259 „Quo-

309 1326 339 1368 ¹)
363 1326 420 1360 Sic
451 1326 530 1359 Mss.
584 1328 621 1359 In
656 1328 749 1361 libris
782 1329 878 1362 editis
909 1331 956 1374 (v.
989 1343 1016 1366 c.
1051 1329 1125 1362 edd.
1151 1328 1216 1373 M.)
1246 1328 1340 1360 deest

217 1374 345 1413 „ante.“
378 1372 417 1404 R.

309 1426 343 1470 2)
368 1427 424 1460 Sic
449 1427 529 1463 Mss.
555 1427 645 1460 Alias
670 1440 748 1460 vero
773 1429 818 1473 (v.
844 1442 870 1461 c.
894 1429 928 1462 in
954 1430 1031 1464 edd.
1055 1430 1120 1473 M.)
1146 1429 1341 1470 „Arbitran-

218 1481 273 1504 tur
297 1483 375 1514 ergo
401 1471 468 1504 dici
491 1472 556 1504 hoc
581 1474 620 1505 de
647 1474 785 1515 angelo“
812 1483 872 1506 etc.
922 1474 1079 1507 Ceterum
1104 1475 1145 1506 de
1175 1474 1236 1506 hac
1260 1473 1338 1507 Ori-

216 1515 308 1558 genis
333 1516 493 1562 opinione
521 1517 608 1558 vide,
632 1518 659 1551 si
682 1528 792 1558 vacat,
818 1519 1052 1561 Origenianor.
1077 1519 1135 1553 lib.
1148 1520 1189 1552 ll.
1215 1527 1340 1564 quaest.

218 1562 257 1594 V.
282 1574 373 1596 num.
393 1562 446 1596 26.
470 1562 511 1595 R.
650 1564 683 1607 ³)
707 1563 795 1598 Edd.
819 1564 866 1597 M.
893 1564 1125 1605 „Phoenicis.“

309 1617 343 1662 ⁴)
367 1618 430 1651 Ed.
455 1618 585 1663 Redep.
609 1620 731 1664 absque
757 1619 846 1665 jure:
881 1620 935 1661 „in
966 1620 1105 1653 transitu
1135 1620 1177 1652 de
1202 1618 1341 1653 transitu

218 1664 260 1697 de
282 1663 403 1698 tantis“
429 1672 490 1696 etc.

313 1720 345 1764 ⁵)
369 1718 498 1752 Jesaiae
522 1719 621 1751 verba
639 1719 730 1759 xlv,
746 1719 796 1754 12.
821 1733 910 1765 seqq.
936 1735 1013 1754 mox
1038 1722 1181 1762 laudata,
1205 1721 1246 1753 de
1270 1719 1339 1753 dia-

220 1765 302 1798 bolo
330 1765 428 1797 etiam
452 1764 575 1809 accipit
598 1763 683 1797 infra
708 1765 766 1798 lib.
785 1766 839 1798 lv.
864 1770 945 1810 περὶ
972 1767 1094 1812 ἀρχῶν
1117 1767 1254 1811 cap.ll.,
1278 1778 1341 1798 nec

220 1810 316 1844 aliter
338 1809 535 1842 Tertullian.
561 1809 617 1841 lib.
642 1810 680 1842 V.
706 1811 831 1844 advers.
857 1811 1021 1846 Marcion.
1047 1825 1117 1856 cap.
1144 1811 1195 1846 11.
1221 1819 1254 1843 et
1278 1810 1341 1849 17„

219 1856 342 1889 Euseb.
372 1855 406 1886 in
439 1854 561 1887 Psalm.
586 1855 741 1889 LXXXI.
776 1857 930 1890 Ambros.
963 1857 996 1889 in
1029 1857 1150 1890 Psalm.
1183 1855 1339 1889 CXVIII.

219 1899 416 1933 Athanasius
439 1898 591 1943 pluribus
617 1899 649 1931 in
675 1900 768 1940 locis,
793 1901 932 1942 Gregor.
946 1902 1055 1944 Magn.
1066 1901 1207 1946 saepiuS,
1230 1900 1342 1933 Theo-

220 1946 328 1978 doret.
363 1944 480 1977 isidor.
512 1944 621 1977 Pelus.
654 1945 711 1979 lib.
736 1947 758 1979 l.
789 1947 884 1990 epist.
912 1947 964 1980 15.
997 1948 1158 1980 Bernard.
1188 1958 1286 1978 serm.
1311 1944 1341 1979 3.

218 1990 253 2023 in
278 1989 396 2022 vision.
420 1988 557 2022 Jesaiae.
605 1990 673 2022 Sed
704 2003 772 2022 non
804 1992 922 2024 desunt
954 1992 1009 2024 alii
1034 1993 1169 2031 Patres,
1193 2000 1225 2023 et
1249 1989 1341 2024 Scri-

219 2044 338 2080 pturae
362 2046 471 2067 sacrae
496 2033 704 2078 interpretes,
729 2035 786 2080 qui
810 2036 890 2069 haee
913 2037 955 2069 ad
976 2037 1106 2069 literam
1123 2035 1341 2077 intelligenda

220 2088 341 2125 putent
365 2080 406 2111 de
429 2092 505 2121 rege
524 2078 724 2125 Babylonis,
755 2081 811 2113 alii
836 2082 878 2113 de
902 2083 1254 2121 Nabuchodonosore,
1284 2079 1342 2112 alii

222 2126 263 2158 de
294 2125 503 2163 Baithasare,
539 2124 593 2156 atii
630 2125 670 2157 de
707 2126 948 2166 Sennacherib,
991 2127 1217 2171 unusquisque
1252 2125 1342 2170 juxta

221 2183 313 2203 suam
337 2169 545 2214 hypothesin.
598 2169 669 2211 Ego
701 2184 780 2202 vero
814 2173 855 2203 de
886 2172 1075 2204 Balthasare
1105 2170 1252 2216 accipin,
1283 2169 1341 2214 qui

222 2216 339 2248 eadem
362 2222 480 2254 nocte,
511 2227 573 2259 qua
607 2224 702 2260 capta
731 2226 779 2248 est
811 2217 892 2248 dolo
926 2218 1003 2250 urbs
1025 2217 1175 2262 Babylon
1199 2229 1218 2249 a
1241 2216 1341 2261 Cyro,

221 2261 414 2296 interfectus
439 2269 495 2292 est.
545 2259 629 2293 Vide
653 2260 783 2293 Daniel.
810 2263 849 2295 V.
876 2262 915 2293 R.
