1404 2463
381 110 427 133 DE
454 100 649 133 PRthlPHS
673 100 786 133 Linea
813 101 871 135 ΙΙΙ.
1137 103 1203 138 303

69 188 216 228 animae,
247 189 300 221 vel
326 188 540 233 propositum
564 188 703 228 mentis,
741 189 782 220 de
805 202 839 222 se
864 189 938 233 ipso
964 200 1115 231 suggerat
1139 191 1203 231 itti,

68 262 168 293 quem
198 262 269 282 non
299 250 380 281 latet
410 261 469 280 cor
493 257 525 279 et
550 247 709 289 cogitatio
734 248 855 289 animi,
890 259 1001 282 utrum
1027 252 1068 283 ad
1093 253 1202 285 hono-

68 322 139 342 rem
164 309 244 351 singi
269 322 322 342 vas
347 308 435 354 ejus,
471 321 511 341 an
535 309 575 340 ad
601 309 840 342 contumeliam
866 311 998 343 debeat.
1046 312 1114 343 Sed
1140 312 1201 345 ista

67 370 238 403 sufficiant
261 369 372 409 nobis,
392 370 422 411 ¹,)
447 378 549 413 prout
572 369 746 413 potuimus
771 371 812 402 de
838 371 935 404 liberi
955 371 1084 404 arbitrii
1102 386 1201 417 quae-

68 430 234 463 stionibus
246 431 279 474 ²)
304 429 435 472 agitata.

334 695 535 735 CAPUT
587 695 934 736 SECUNDUM.

377 794 431 825 De
456 793 630 826 contrariis
654 793 890 837 potestatibus.

157 880 256 925 (138)
283 881 311 915 1.
360 882 554 914 Videndum
569 882 602 925 ³)
639 894 728 914 nunc
762 891 809 914 est
839 883 1023 915 secundum
1049 884 1201 928 Scriptu-

64 956 125 983 ras,
151 943 325 986 quomodo
353 943 540 975 contrariae
568 942 714 981 virtutes,
747 943 800 974 vel
825 942 896 986 ipse
922 943 1087 983 diabolus,
1112 945 1201 978 relu-

65 1004 241 1047 ctantur⁴)
273 1003 421 1035 humano
454 1004 584 1045 generi,
616 1012 841 1047 provocantes
873 1013 906 1035 ct
936 1004 1129 1046 instigantes
1160 1008 1199 1038 ad

64 1073 253 1108 peccatum.
300 1064 340 1095 Et
369 1064 481 1108 primo
514 1063 652 1108 quidem
678 1064 710 1096 in
737 1063 861 1096 Genesi
875 1063 907 1108 ⁵)
933 1077 1069 1108 serpens
1094 1066 1200 1098 Evam

64 1126 232 1158 seduxisse
266 1123 484 1160 describitur:
529 1124 570 1155 de
610 1137 678 1168 quo
712 1124 745 1156 in
780 1125 1053 1170 Adscensionefi)
1086 1127 1200 1165 Mosis,

160 1270 192 1313 ¹)
218 1270 325 1302 Deest
348 1267 381 1298 in
406 1276 500 1298 antea
527 1266 626 1299 editis
650 1268 697 1311 (v,
724 1281 750 1300 c.
777 1268 852 1300 edd.
872 1269 949 1312 M),
975 1270 1033 1301 sed
1057 1269 1200 1303 habetur

65 1316 98 1348 in
123 1314 204 1347 Mss.
233 1312 383 1354 „nobis.“
410 1311 451 1344 R.

157 1369 191 1412 ²)
217 1368 274 1401 Sic
295 1368 373 1400 Mss.
390 1365 484 1397 Libri
502 1365 583 1398 editi
601 1366 647 1408 (v.
667 1379 693 1398 c.
716 1367 789 1398 cdd.
806 1367 871 1409 M.)
891 1369 1139 1412 „quaestionc.“
1162 1371 1198 1402 R.

155 1424 190 1467 ³)
216 1423 273 1456 Sic
305 1422 338 1454 in
373 1421 529 1453 omnibus
562 1421 641 1452 Mss.
675 1421 793 1464 incipit
826 1423 892 1453 hoc
927 1433 1036 1466 caput.
1096 1426 1137 1456 At
1169 1426 1200 1456 in

64 1468 161 1500 editis
188 1471 224 1511 (v
259 1480 284 1499 c.
311 1467 386 1498 edd.
413 1467 478 1509 M.)
505 1466 624 1497 eadem
648 1467 764 1505 verba,
798 1479 835 1498 ex
861 1466 981 1510 quibus
1007 1478 1137 1500 constat
1161 1471 1202 1501 ti-

64 1513 165 1553 tulus,
191 1521 399 1556 repetuntur,
429 1519 461 1541 et
484 1510 602 1553 capitis
619 1510 751 1542 initium
771 1512 980 1544 constituunt
996 1512 1061 1544 hoc
1076 1515 1199 1546 niodo:

65 1559 139 1600 „De
170 1555 346 1589 contrariis
370 1555 593 1598 potestatibus
618 1555 800 1587 videndum
826 1568 914 1587 nunc
939 1561 1008 1588 est“
1036 1567 1095 1589 etc.
1121 1559 1162 1592 R.

153 1613 187 1656 ὅ)
214 1612 283 1645 Cfr.
308 1611 361 1642 ed.
390 1610 520 1654 Redep.
545 1622 619 1653 pag.
644 1609 719 1643 274.
747 1619 816 1642 not.
840 1610 895 1644 21.
965 1612 999 1656 ⁵)
1025 1611 1110 1645 Gen.
1139 1614 1198 1645 ΙΙΙ.

156 1666 189 1709 6)
214 1668 265 1699 Ex
289 1665 587 1710 hoc'Apocrypho
613 1664 745 1703 libello,
771 1666 828 1708 qui
850 1666 1004 1698 hebraice
1023 1666 1198 1699 dicebatur

64 1723 160 1751 Πῑζὶῐ.)
180 1723 317 1761 15me,
341 1732 457 1761 graece
476 1732 555 1751 vero
575 1719 766 1759 ἀνάληψις,
790 1720 859 1751 sive
879 1720 1055 1764 ἀνάβασις
1074 1726 1193 1756 ,Μωυ-

64 1771 164 1808 σέως,
188 1774 322 1808 praeter
347 1778 394 1803 ea,
419 1777 502 1808 quae
529 1764 607 1795 citat
629 1764 733 1796 Judas
758 1764 931 1808 apostolus
957 1778 1039 1798 vers.
1065 1766 1106 1806 9.,
1132 1781 1199 1799 non

65 1810 185 1842 dubito
212 1809 291 1852 quin
317 1809 465 1840 indidem
491 1809 532 1840 sit
558 1809 708 1840 desumta
734 1810 899 1847 narratio,
925 1823 1009 1853 quae
1037 1820 1085 1843 est
1109 1812 1197 1855 apud

64 1855 228 1887 Clement.
265 1853 478 1885 Alexandria.
512 1854 674 1888 Stromat.
701 1854 756 1885 Vt.
784 1866 857 1896 pag.
883 1853 958 1887 679.
1005 1855 1088 1900 Ejus
1114 1869 1199 1899 quo-

64 1911 129 1942 que
162 1897 268 1929 libelli
302 1897 455 1929 meminit
483 1897 676 1929 Athanasius
702 1897 734 1928 in
760 1899 898 1942 synopsi
921 1910 1031 1931 sacrae
1057 1900 1199 1943 scriptu-

63 1956 138 1982 rae,
175 1951 207 1973 ct
235 1942 445 1985 §icephorus
472 1941 867 1985 Constantinopolitanus
896 1942 931 1974 in
961 1943 1198 1977 Stichornctria

64 1987 234 2020 Chronico
261 1986 466 2028 compendio
490 1985 638 2029 subjecta
657 1986 703 2017 ait
719 1985 906 2028 ἀνάληψιν
926 2000 1080 2020 versuum
1102 1989 1197 2022 1401).

64 2032 176 2063 fuisse.
226 2031 305 2074 Ejus
331 2031 412 2062 item
431 2030 570 2070 ‹nentio
603 2030 640 2061 fit
664 2031 698 2062 in
724 2031 817 2062 Actis
841 2033 961 2076 synodi
985 2033 1113 2076 primae
1140 2033 1198 2065 Ni-

65 2088 184 2108 caenae
210 2075 268 2106 lib.
289 2076 330 2106 ll.
359 2087 429 2118 cap.
452 2077 502 2107 15.
528 2087 601 2117 pag.
622 2074 687 2113 28,
713 2085 745 2106 ct
770 2088 840 2118 cap.
860 2075 912 2108 20.
939 2089 1010 2119 pag.
1030 2077 1083 2112 33.
1111 2078 1197 2109 Vide

63 2121 200 2163 iusuper
225 2119 350 2151 Evodii
376 2118 553 2162 epistolam
580 2119 621 2150 ad
646 2119 681 2152 S.
711 2119 942 2161 Augustinum,
972 2121 1059 2153 inter
1086 2126 1197 2162 Augu-

63 2165 218 2196 stinianas
246 2164 407 2202 CCLLX„
444 2163 630 2208 Didyuium
660 2164 873 2196 Alexandria.
898 2165 931 2196 in
964 2166 1059 2208 epist.
1086 2167 1195 2198 Judae-

63 2208 163 2240 Tom.
183 2210 237 2239 lV.
253 2208 342 2240 Bibl.
360 2208 497 2239 Patrum
518 2220 590 2251 pag.
606 2208 694 2246 326„
717 2218 750 2240 et
767 2210 1014 2241 oecumenium
1040 2211 1073 2242 in
1097 2211 1193 2254 epist.

63 2253 171 2284 Judac
198 2266 270 2297 pag.
296 2252 370 2286 3-18.
398 2253 435 2284 R.
465 2272 502 2277 —-
531 2252 600 2285 Csr.
629 2253 680 2284 cd.
709 2254 836 2297 Redep.
862 2266 934 2297 pag.
951 2254 1026 2288 274.
1052 2264 1121 2287 not.
1140 2255 1193 2288 24.
