1404 2463
384 68 427 90 DE
452 57 642 90 anclpfls
667 57 777 89 ann
805 56 859 89 ΙΙΙ.
1125 58 1190 93 275

80 147 189 189 argui,
228 156 260 180 et
290 147 323 180 in
355 147 565 180 manifestum
597 145 707 177 venire
739 146 919 189 potuisset,
953 146 1013 179 nisi
1045 148 1133 190 signa
1158 158 1191 181 et

79 208 231 252 prodigia
255 208 392 241 fuissent
415 217 480 240 tam
505 207 609 239 multa
632 216 764 250 tamque
788 206 958 248 magnifica
983 218 1166 251 prosecuta.

171 269 221 304 12.
269 269 371 312 Quod
402 269 428 302 si
460 269 567 301 minus
596 268 715 312 plenae
750 267 903 300 videntur
925 281 994 300 esse
1018 270 1187 312 probatio—

77 344 145 371 nes,
171 344 249 375 quas
272 331 422 369 diximus,
447 339 478 362 et
501 328 704 373 apostolicae
727 328 953 361 similitudinis
979 342 1094 373 parum
1118 344 1189 363 mu-

76 393 215 425 nimenti
256 393 376 424 habere
415 392 522 423 adhuc
564 389 736 432 videtur¹)
775 390 930 422 assertio:
976 391 1187 425 adhibeamus

76 454 174 487 etiam
199 453 412 498 propheticae
436 450 640 484 auctoritatis
665 464 840 490 assensum,
865 461 897 483 et
921 452 1088 485 videamus
1107 454 1186 497 quid

77 516 174 548 etiam
205 515 386 560 prophetae
417 512 637 557 pronuncient
669 513 709 544 (le
734 512 802 552 his,
836 513 892 556 qui
918 513 1026 557 primo
1051 514 1185 558 quidem

75 586 165 609 recte
197 576 359 614 viventes,
395 573 601 615 benignitatis
625 573 690 605 Dei
721 574 841 606 habere
866 575 1107 618 quamplurima
1133 589 1186 608 ex-

76 637 260 681 perimenta
291 644 499 675 meruerunt,
536 644 652 679 postea
687 648 763 667 vero
797 645 833 667 ut
863 636 1014 669 homines
1038 637 1187 681 delique-

75 707 168 739 runt3
208 711 282 730 cum
313 697 432 741 quibus
464 710 497 729 sc
529 709 662 741 quoque
697 710 799 729 unum
830 697 952 730 faciens
964 699 997 742 ²)
1022 699 1185 743 propheta

73 759 133 791 ait:
168 758 235 800 „Ut
259 758 358 803 quid,
388 758 553 797 Domine,
579 771 684 790 errare
709 772 769 791 nos
793 759 898 791 fecisti
923 772 941 792 a
966 759 1016 792 via
1042 760 1119 794 tua?
1154 771 1186 794 et

73 833 172 865 quare
196 820 353 852 indurasti
386 834 444 852 cor
478 829 647 858 nostrum,
682 820 730 852 uti
754 833 822 852 non
847 820 1038 853 timeremus
1063 835 1185 855 nomen

71 881 190 914 tuum?
229 882 434 914 Convertere
471 890 611 926 propter
640 894 752 914 servos
782 891 875 922 tuos,
911 892 1052 927 propter
1082 884 1185 917 tribus

70 942 278 975 haereditatis
301 944 433 985 tuae‚³)
470 952 506 974 ut
540 952 572 974 et
601 955 661 974 nos
685 955 801 986 parum
826 942 953 987 aliquid
976 943 1186 979 haereditatis

71 1005 238 1049 capiamus
262 1005 303 1037 de
327 1014 441 1036 monte
465 1014 578 1037 sancto
602 1008 694 1036 tu0.“
742 1005 809 1037 Sed
835 1014 866 1036 ct
889 1005 1073 1039 Hieremias
1097 1007 1187 1041 simi-

71 1066 148 1098 liter
173 1066 271 1099 dicit:
309 1065 540 1110 „Seduxisti‘¹)
565 1078 626 1098 nos
649 1065 816 1105 Domine,
849 1075 881 1098 et
905 1067 1033 1100 seducti
1056 1081 1185 1103 sumus:

69 1128 204 1160 tenuisti
230 1137 264 1160 et
292 1127 463 1172 potuisti.“
513 1127 617 1170 Quod
645 1140 722 1169 ergo
747 1126 808 1159 ait:
844 1127 917 1168 „Ad
934 1128 965 1172 ⁵)
990 1128 1088 1172 quid,
1114 1131 1185 1163 Do-

68 1190 178 1229 mine,
216 1189 378 1222 indurasti
409 1202 467 1220 cor
498 1198 668 1228 nostrum,
703 1188 751 1229 uti
785 1201 825 1220 ne
857 1187 1031 1221 timeamus
1062 1204 1184 1224 nomen

69 1251 213 1284 tuum?«
257 1251 383 1283 dictum
416 1252 456 1282 ab
481 1250 548 1289 his,
588 1249 646 1294 qui
670 1249 931 1281 misericordiam
956 1252 1186 1294 precabantur,

69 1312 188 1344 morali
221 1313 335 1356 utiquc
366 1322 465 1356 tropo
499 1311 730 1355 accipiendum
765 1310 861 1354 (120)
894 1320 958 1350 est,
998 1313 1090 1345 velut
1113 1314 1139 1346 si
1152 1314 1185 1359 6)

70 1374 142 1419 quis
166 1375 274 1407 dicat:
311 1374 356 1406 Ut
380 1374 458 1418 quid
483 1373 516 1405 in
540 1382 668 1405 tantum
694 1372 889 1416 perpercisti
912 1372 1024 1412 nobis,
1048 1387 1109 1406 nec
1133 1388 1185 1407 re-

70 1435 200 1480 quisisti
230 1448 291 1467 nos
327 1448 401 1467 cum
426 1448 656 1479 peccaremus,
691 1435 747 1466 sed
771 1433 934 1478 reliquisti
957 1448 1035 1474 nos,
1067 1445 1104 1468 ut
1127 1450 1188 1481 per

70 1496 133 1528 hoc
156 1497 354 1529 incresceret
377 1496 520 1535 malum,
551 1505 584 1528 et
608 1504 847 1539 propagaretur
870 1496 1028 1539 peccandi
1054 1496 1186 1530 licentia

71 1557 353 1590 animadversione
379 1557 546 1590 cessante?
584 1558 639 1590 Sic
671 1570 772 1601 equus
796 1556 822 1588 si
847 1569 913 1588 non
938 1557 1059 1590 assidui
1083 1572 1187 1592 sesso-

70 1618 158 1662 ris7)
182 1620 340 1651 serratum
364 1619 490 1663 patitur
514 1619 650 1657 calcem,
675 1627 708 1650 et
734 1617 833 1649 frenis
859 1631 915 1650 ora
940 1618 1068 1652 serratis
1094 1621 1187 1652 obte-

166 1730 195 1769 ¹)
219 1728 305 1761 Edd.
330 1730 379 1762 M.
407 1730 608 1771 „videatur.“

162 1784 196 1826 2)
221 1784 307 1817 Edd.
333 1786 379 1817 M.
414 1786 555 1825 „faciens
588 1784 816 1829 prophetavit:
858 1783 904 1816 Ut
929 1784 1030 1828 quid“
1058 1794 1118 1818 etc.
1144 1807 1182 1811 -—

75 1828 142 1861 cfr.
168 1829 268 1861 Jesai.
293 1830 414 1871 LXffl,
440 1831 490 1864 17.
517 1830 567 1864 18.

162 1885 195 1927 ³)
220 1885 348 1916 Desunt
372 1885 403 1916 in
430 1895 524 1918 antea
550 1884 646 1917 editis
671 1886 716 1928 (v.
744 1898 769 1917 c.
789 1884 861 1916 edd.
880 1885 954 1927 M.),
978 1886 1036 1918 sed
1062 1887 1183 1918 haben-

71 1939 124 1962 tur
148 1929 179 1961 iu
206 1930 360 1961 omnibus
384 1930 461 1963 Mss.
489 1932 602 1963 verba:
640 1940 752 1970 „tuae,
785 1940 821 1961 ut
846 1939 877 1961 et
900 1943 960 1962 nos
985 1943 1100 1974 parum
1126 1932 1184 1963 ali-

70 1974 149 2018 quid
171 1975 411 2008 haereditatis.“
438 1977 475 2008 R.
559 1976 591 2019 4)
618 1975 686 2008 Ch:
710 1975 833 2007 Jcrem.
856 1975 933 2014 XX,
959 1975 988 2009 7.

161 2031 193 2071 ⁵)
219 2031 286 2063 Csr.
311 2031 409 2065 Jesai.
435 2032 552 2070 LXHl,
579 2031 630 2065 17.
656 2031 733 2063 coll.
758 2043 831 2074 pag.
855 2029 923 2075 huj.
947 2040 1016 2063 not.
1041 2030 1070 2064 2.

159 2088 192 2129 ὓ)
217 2087 273 2119 Sic
300 2087 377 2119 Mss.
405 2088 439 2118 ln
465 2087 559 2118 editis
584 2087 630 2130 (ν.
656 2099 683 2118 c.
710 2087 783 2118 edd.
810 2085 875 2130 M.)
901 2086 992 2118 deest
1018 2086 1094 2118 »si.“
1121 2088 1158 2119 R.

161 2144 191 2185 ἲ)
217 2142 306 2173 Libri
341 2142 421 2174 editi
454 2144 498 2185 (v.
525 2155 550 2174 c.
576 2142 650 2174 edd.
676 2143 740 2184 M.)
775 2141 929 2182 „sessoris
961 2141 1085 2185 patitur
1116 2143 1181 2174 cal-

67 2200 158 2227 cem,
196 2196 227 2218 et
259 2187 359 2219 frenis
383 2207 423 2229 ·.-
450 2187 628 2228 obteritur,
664 2187 852 2220 indurescit.
898 2186 954 2220 Sic
989 2187 1179 2231 puerilitas“

68 2241 128 2265 etc.
175 2232 241 2265 Sed
268 2233 347 2266 Mss.
373 2242 407 2264 ut
431 2232 464 2265 in
488 2241 602 2265 nostro
627 2242 728 2265 textu.
753 2233 793 2265 R.

826 2292 901 2327 18*
